1874 3060
115 192 164 243 aba
387 191 414 236 G.
441 189 635 237 SUETONH

114 316 224 380 scentia,
234 314 330 366 talitro
339 312 504 365 vulneraret.
543 309 851 376 Colorceratcandido,
862 325 906 365 ca·

112 390 182 460 pello
192 404 266 458 pone
276 389 434 456 occipitium
444 387 676 451 smnmmsrore,ut
684 386 905 439 cervicemetnam

115 466 268 532 obtegeret,
289 463 363 531 quod
377 462 478 530 gentile
492 461 753 524 inillovidebatur3
772 459 904 515 facieba·

112 545 204 603 nosta,
223 538 253 591 in
272 553 328 607 qua
338 543 432 589 tamen
446 536 535 589 crebri
549 545 576 588 et
588 536 675 588 subiti
685 541 822 600 minores,
842 551 905 588 cum

111 612 331 682 praegrandibus
339 611 441 676 oculis,
455 611 552 680 etqui,
566 609 641 678 quod
650 609 749 663 mirum
759 615 901 676 essaeno-

113 693 161 739 ota
173 687 257 739 etlam
271 687 341 738 etin
354 686 476 738 tenebris
488 686 624 749 viderent,
645 684 694 737 sed
711 684 747 736 ai
760 685 857 750 breve,
876 691 902 737 et

112 761 327 830 quamprimum
341 775 359 810 a
377 775 474 812 somno
492 760 657 828 patuissent,
678 759 775 812 deinde
794 774 901 813 mnsam

111 835 302 889 hebescebant.
339 834 485 887 Incedebat
499 835 603 887 cervice
621 833 713 902 rigida
730 840 760 887 et
779 834 900 902 obstipo3

112 911 233 963 abducto
242 909 300 963 fere
309 909 399 973 saltu,
410 909 569 978 plemmque
578 909 693 971 tacitam
712 908 790 961 nullo
802 914 899 961 antra·

110 985 220 1037 rissirm
231 985 315 1036 etiam
326 999 386 1035 cam
395 984 528 1050 proximis
539 998 767 1052 sermone,eoque
775 983 899 1035 tardissi-

110 1074 232 1122 mo;nec
240 1059 299 1111 sine
307 1058 389 1110 molli
398 1058 516 1126 quadam
525 1057 674 1125 digitorum
682 1057 900 1125 gesticulatione.

113 1134 191 1196 Quae
201 1132 295 1185 omnia
302 1133 504 1200 ingratamque
515 1133 690 1200 arrogantiae
700 1131 794 1200 plena,
806 1138 834 1187 et
843 1132 899 1185 ani·

110 1208 444 1274 madvertitrlugustusin
454 1223 501 1272 eo,
516 1212 544 1259 et
553 1222 684 1259 excusare
693 1207 811 1261 tentavit
819 1220 901 1275 saepe

111 1282 186 1350 apud
200 1288 324 1334 senatum
339 1297 373 1334 ac
386 1280 531 1349 populum,
551 1282 692 1349 professus
710 1289 824 1335 naturae
836 1280 902 1335 sitia

111 1372 178 1420 esse,
198 1373 251 1408 aon
264 1355 355 1408 cama.
392 1355 558 1408 valetudine
571 1357 758 1425 prosperrima
769 1362 902 1418 usos-est,

111 1438 235 1498 tempore
249 1431 357 1499 quidam
372 1432 543 1499 principatus
557 1446 643 1498 paene
656 1437 718 1485 toto
727 1447 816 1500 prope
824 1426 901 1485 illas·

112 1522 157 1568 sa3
178 1507 303 1574 quamvis
317 1521 336 1556 a
347 1507 487 1558 tricesimo
502 1507 601 1559 aetatis
612 1522 683 1558 anno
695 1507 833 1561 arbitrata
841 1520 901 1559 cera

112 1596 163 1633 sao
173 1581 283 1645 rexerit,
294 1581 353 1633 sine
363 1581 520 1633 adiumento
532 1581 682 1633 consiliove
691 1580 871 1634 medicorum.
891 1618 895 1623 -

167 1655 267 1707 LXIX.
294 1656 376 1707 Circa
399 1655 466 1708 deos
485 1669 519 1707 ao
537 1655 686 1723 religiones
704 1655 903 1723 negligentiam

112 1730 213 1799 quippo
224 1730 350 1782 addictus
359 1728 576 1794 mathematicae,
587 1731 736 1798 plenusque
746 1730 901 1798 persuasio·

111 1806 168 1868 nis,
189 1810 288 1855 cuncta
301 1803 360 1856 fato
375 1805 432 1872 agi.
470 1805 607 1855 Tonitrua
619 1811 712 1857 tamen
724 1811 835 1872 praeter
843 1820 902 1857 mo·

113 1878 177 1930 dum
187 1879 398 1946 expavescebat3
409 1883 437 1931 et
445 1879 599 1933 turbatiore
610 1880 688 1932 coelo
698 1895 838 1947 nimquam
846 1894 903 1931 non

113 1966 245 2004 coronam
253 1951 376 2003 lauream
386 1968 491 2005 cermce
500 1954 629 2020 gestarat
650 1953 724 2022 quod
736 1951 903 2007 fulmineas·

112 2026 175 2078 llam
184 2033 297 2094 negetur
305 2026 336 2079 nd
345 2042 431 2094 gemis
439 2026 555 2081 frondis.

168 2099 256 2153 Lxx.
275 2102 354 2153 Artes
367 2102 496 2155 liberales
509 2103 652 2173 utriusque
671 2103 778 2171 generis
797 2056 904 2154 stadio·

113 2177 221 2229 sissime
236 2176 330 2228 coluit.
368 2176 400 2228 ln
413 2178 540 2234 oratione
550 2175 652 2229 Latine
666 2183 776 2230 secatus
786 2184 829 2230 est
838 2177 905 2229 (lor-

112 2253 206 2303 vinum
215 2248 373 2318 Messalam,
382 2268 461 2321 quom
471 2269 563 2305 senem
573 2253 732 2305 adolescens
744 2253 906 2305 observare·

113 2331 166 2378 rat.
205 2324 260 2378 Sed
275 2325 452 2379 affectatione
465 2334 493 2380 et
505 2327 668 2379 morositate
676 2327 764 2379 nlntio
775 2327 906 2379 obscura·

114 2401 163 2452 bat
172 2400 278 2465 stilum,
297 2398 330 2452 u't
339 2402 481 2469 aliquanto
496 2417 530 2454 ex
542 2408 679 2470 temporo,
699 2417 784 2471 quam
798 2417 815 2453 a
830 2415 905 2464 ⁰1¹1&

113 2476 299 2544 praestantior
308 2474 464 2528 baberetur.
503 2476 665 2548 Composuit
680 2475 904 2542 otcarmenlyri·

113 2566 189 2614 cum,
209 2551 286 2602 cuins
306 2556 348 2603 est
366 2551 476 2602 titulnst
506 2549 662 2617 Conquestio
681 2551 712 2603 de
730 2550 765 2603 Ia.
783 2548 906 2603 eseam

111 2633 205 2675 πιστὴ.
242 2624 322 2677 Fecit
336 2631 364 2677 et
373 2623 482 2676 Graeca
494 2628 635 2692 poemata,
654 2625 780 2679 imitabis
792 2622 905 2693 Eupho·

102 2699 214 2751 monem
235 2704 265 2753 et
276 2697 415 2754 Rhianum
434 2705 462 2752 et
478 2697 669 2753 Parthenium:
693 2701 794 2770 quibus
812 2698 905 2768 poem

36 2834 58 2884 i
