1822 3068
124 208 385 257 oculvlsrwb
420 208 631 257 cinus-it.
727 210 778 262 1⁰7

65 334 145 387 eusit-
184 332 344 385 contrsctis
357 331 394 383 ssi
402 331 559 384 Bononiam
571 333 777 388 triumvirorum

65 426 84 475 ι,
95 407 195 477 cquils
202 407 327 459 tentorio
336 407 396 459 sius
406 407 587 475 supersedens
598 408 668 460 duos
679 424 777 463 corvos

65 483 166 537 stlnds
178 481 343 535 lulutcntos
357 480 456 532 afflixit
469 488 497 533 et
511 481 548 532 cd
565 487 668 533 terrum
688 483 776 549 dedit3

66 565 95 613 ts
104 558 182 611 omni
190 556 324 620 exercitu,
333 555 454 607 mmm
465 557 631 626 quandoque
639 558 712 609 intsr
721 558 777 611 col·

67 631 346 694 discordiantem,
361 630 452 698 qualis
461 638 556 683 sseutn
566 637 620 697 est,
631 633 777 684 aconitum

65 708 182 776 sglenoe.
210 704 348 773 Philippis
357 703 508 757 Thessalus
516 706 629 775 quidam
640 706 674 758 de
683 706 777 759 lumin

65 783 102 835 in
118 781 275 844 nunciavit,
296 785 409 831 unctum
421 778 459 831 D.
469 781 604 846 Geessrs,
625 783 704 833 euius
722 783 777 834 sibi

65 857 198 909 isitiners
208 855 272 906 culo
283 855 456 906 occurrisset.
489 855 570 907 Circo
579 855 775 908 Peruslsmss-

65 932 90 983 lo
101 946 157 983 non
167 930 278 993 litante,
290 930 374 997 quu'm
383 929 480 996 augeri
488 928 595 981 hostius
604 931 775 999 imperasset,

65 1006 120 1057 bitu
133 1004 279 1072 eruptione
292 1000 385 1055 hostes
400 1018 507 1055 omnem
520 1005 562 1056 rei
571 1005 682 1057 divium
692 1019 775 1075 sppn·

66 1079 277 1141 lcbstulissent‚
296 1078 423 1129 constitit
430 1078 503 1129 inter
512 1077 684 1147 horuspices,
705 1095 775 1148 quac

66 1153 140 1206 ulcsn
156 1159 184 1205 ct
198 1152 314 1203 adversa
323 1153 491 1203 sacrificanti
501 1152 666 1204 denunciata
675 1162 774 1219 essent,

66 1229 209 1295 cinipsos
219 1241 362 1290 recasura,
373 1227 421 1292 qui
429 1233 494 1278 extu
503 1225 642 1279 haberent.
680 1226 775 1297 Neque

66 1303 176 1355 evenit.
199 1300 385 1368 Pridieqnnm
394 1300 564 1352 Siciliensem
575 1316 695 1369 pugnem
705 1301 775 1354 clus-

66 1378 219 1440 nmitterct‚
236 1374 428 1427 deambulanti
440 1375 471 1425 in
484 1375 566 1426 litore
579 1376 664 1444 piscis
678 1378 774 1429 emori

66 1452 108 1516 rit,
128 1458 158 1503 et
171 1450 208 1501 cd
221 1449 304 1517 podes
317 1449 413 1500 iacuit.
450 1447 529 1515 Apud
542 1448 650 1501 Actium
664 1450 773 1504 descen·

68 1527 99 1579 in
108 1526 196 1579 eciem
207 1523 308 1576 asellus
317 1539 380 1575 cum
389 1523 512 1573 asinario
524 1524 656 1575 occurrit:
670 1522 776 1577 bomini

66 1598 141 1665 rbus,
161 1599 267 1651 besuus
284 1597 377 1650 Nicon
399 1600 460 1648 erut
477 1611 585 1647 nomeu.
627 1597 775 1666 Utriusque

68 1690 161 1729 corum
172 1688 285 1726 coneum
294 1672 385 1725 victor
393 1671 489 1739 posuit
497 1670 526 1721 in
534 1670 637 1738 templo
642 1707 651 1735 ,
661 1671 691 1721 in
700 1672 776 1738 quod

66 1766 138 1803 rrum
148 1762 262 1800 snorum
271 1747 363 1800 locum
372 1746 463 1798 vertit.
555 1788 558 1792 .

68 1824 151 1879 cvii.
170 1823 250 1875 Mors
259 1836 369 1891 quoquo
378 1821 447 1886 elus,
459 1819 493 1872 de
502 1834 558 1888 qna
568 1816 666 1871 dullino
675 1817 775 1886 dicum,

66 1902 170 1968 itusque
193 1905 258 1966 post
281 1902 397 1949 mortem
423 1894 636 1947 evidentissimis
661 1896 776 1947 ostsutls

67 1975 164 2042 ugnitc
182 1978 234 2024 est.
273 1971 363 2032 Quum
380 1970 497 2021 lustrum
516 1971 547 2021 in
561 1984 657 2039 cumpo
671 1969 776 2023 Martio

67 2047 193 2118 spopull
201 2046 356 2115 frequentis
370 2045 512 2109 conderet,
522 2044 628 2114 ·cqullc
641 2061 702 2097 enm
717 2061 776 2098 sae·

66 2121 284 2183 circumvolaviu
306 2126 533 2187 transgressaque
549 2120 580 2170 in
597 2120 716 2172 vicinum
732 2136 776 2172 ue·

66 2195 397 2268 supernomsmlgrippae
407 2194 442 2245 cd
452 2195 569 2261 primum
578 2193 686 2246 liberum
694 2195 776 2246 sedit.

66 2272 265 2335 mimndverso,
279 2275 359 2333 vota,
373 2283 444 2335 quse
457 2269 487 2320 in
495 2270 651 2337 proximum
660 2268 777 2319 lustrum

66 2350 85 2401 »l
93 2362 157 2401 mos
167 2351 223 2409 est,
234 2344 366 2411 collegam
378 2358 456 2395 snum
467 2344 609 2395 Tiberium
618 2356 777 2408 nuncupare

67 2440 74 2487 5
102 2438 169 2475 num
189 2436 233 2484 sc,
259 2433 416 2488 quenquam
435 2418 598 2485 conscriptis
616 2415 777 2483 pactisque

67 2498 163 2562 rbnlls,
173 2495 287 2563 negavit
294 2498 493 2560 suscepturum,
504 2506 575 2559 ques
584 2506 642 2542 non
650 2494 723 2541 esset
731 2502 776 2539 su·

67 2590 97 2627 u.
137 2571 196 2625 Sub
207 2569 280 2623 idem
292 2575 400 2636 tempus
414 2568 473 2619 ictu
484 2565 609 2618 fulminis
627 2578 662 2615 ex
679 2562 777 2613 inseri·

67 2654 198 2703 sstotnee
208 2645 268 2697 slus
277 2644 369 2713 prims
376 2642 496 2694 nominis
506 2641 588 2691 litere
598 2637 710 2690 effluxit.
725 2636 777 2690 Rs·

67 2740 113 2779 nm
127 2727 186 2787 sst,
206 2726 315 2773 cenum
328 2717 407 2771 solos
419 2716 480 2769 (lios
497 2710 614 2782 posthoc
631 2713 777 2778 victorum,
