1874 3060
124 195 174 245 184
398 195 435 242 C..
449 193 641 242 SUETONll

119 326 152 372 et
170 318 279 386 rapide,
298 324 330 369 ut
347 318 539 384 praetorianae
560 315 686 370 cohortes
701 323 797 370 contra
810 332 916 371 morem

123 395 204 462 signa
212 392 341 445 iumentis
350 392 499 459 imponere,
511 397 538 443 ct
548 391 589 443 ita
597 392 728 458 subsequi
738 400 915 460 cogerentur,

121 467 258 520 interdum
269 467 339 519 adeo
350 467 468 533 segniter
478 472 505 517 et
516 465 644 529 delicate,
664 471 695 518 ut
706 464 860 535 ootophoro
870 483 914 520 ve·

121 540 244 605 lueretur,
265 547 346 611 atque
361 555 378 591 a
391 541 605 608 propinquarum
619 540 727 592 urbium
741 540 821 609 plebe
840 543 915 595 verri

121 617 176 669 sibl
185 616 254 680 rias,
266 622 294 668 et
304 615 450 682 conspergi
458 621 571 681 propter
580 615 718 681 pulverem
729 616 861 682 exigeret.

176 689 275 742 XLIV.
294 688 445 757 Postquam
461 694 551 740 castra
566 689 669 756 attigit,
689 696 720 740 ut
735 705 764 741 se
779 705 871 743 acrem
885 696 911 741 et

120 780 244 818 serarum
253 764 349 815 ducem
360 764 523 827 ostenderet,
528 762 643 830 legatos,
649 763 698 832 qui
707 763 813 815 auxilia
823 765 910 817 serlus

120 855 154 892 ex
165 839 279 891 diversis
290 838 360 890 locis
370 837 550 903 adduxerant,
561 853 622 890 cum
630 838 785 905 ignominia
795 838 909 891 dimisit.

119 915 155 966 rlt
172 915 202 964 iu
221 913 342 964 exercitu
360 913 538 976 recensendo,
563 912 700 980 plerisque
720 913 908 965 centurionum

118 988 235 1040 maturis
248 987 317 1051 iam,
337 992 365 1039 et
377 986 516 1039 nonnullis
530 992 593 1037 ante
610 987 806 1055 paucissimos,
827 1002 909 1055 quam

119 1061 334 1115 consummaturi
343 1067 441 1125 essent,
452 1060 629 1127 dies,primos
639 1061 712 1127 pilos
723 1061 834 1126 ademit,
845 1076 909 1113 cau·

118 1144 195 1189 satus
204 1136 308 1189 senium
320 1136 450 1202 cuiusque
465 1141 492 1186 et
505 1135 734 1187 imbecillitatem:
755 1141 908 1189 ceterorum

116 1212 252 1277 increpita
263 1209 423 1276 cupiditate,
445 1208 590 1274 commoda
604 1211 731 1265 emeritae
744 1209 862 1263 militiae
873 1209 908 1263 ad

117 1300 165 1338 sex
175 1284 291 1337 millium
301 1298 433 1335 suolmam
447 1283 554 1335 recidit.
592 1283 670 1335 Nihil
684 1290 774 1336 antem
789 1284 907 1352 amplius

117 1375 199 1428 quam
208 1358 350 1422 Adminio,
371 1357 537 1410 Cinobellini
545 1357 740 1411 Britannorum
753 1359 828 1426 ragis
838 1358 907 1426 lilio,

117 1435 164 1502 qui
174 1433 270 1501 pulsus
280 1448 297 1484 a
306 1438 385 1500 patre
394 1448 455 1484 cum
466 1433 566 1500 exigua
576 1449 658 1485 manu
667 1432 868 1503 transfugerat,
878 1434 907 1497 in

117 1509 284 1561 deditionem
304 1514 427 1574 recepto,
449 1508 529 1575 quasi
547 1509 674 1561 universa
687 1507 792 1560 tradita
805 1508 906 1574 insula,

115 1584 275 1652 magnificas
280 1582 396 1635 Romam
405 1582 500 1634 literas
510 1582 594 1647 misit,
605 1583 716 1635 monitis
727 1581 906 1651 speculatori·

115 1659 181 1723 bus,
195 1664 227 1710 ιιι
235 1656 360 1710 vehiculo
372 1657 408 1707 ad
416 1656 508 1709 forum
518 1673 604 1727 usque
614 1663 642 1709 et
651 1657 755 1709 curiam
766 1656 905 1726 pertende·

115 1739 187 1797 rent,
207 1748 258 1784 nec
271 1732 326 1782 nisi
339 1731 368 1781 in
384 1730 451 1782 aede
465 1731 576 1796 Martis,
598 1746 631 1783 ac
644 1732 786 1800 frequento
800 1739 905 1797 sennua,

115 1807 274 1860 consulibus
283 1804 430 1856 traderent.

170 1879 256 1932 XLV.
276 1878 355 1943 Mox,
370 1877 511 1931 deficiente
525 1880 593 1931 belli
606 1879 734 1945 materia,
754 1887 861 1949 pancos
873 1880 905 1933 da

116 1954 242 2006 custodia
253 1951 404 2004 Germanos
414 1954 519 2017 traiici,
540 1954 683 2021 occulique
696 1962 773 2006 trans
782 1953 905 2008 Rhenum

113 2029 208 2092 iussit,
221 2043 253 2078 ac
262 2027 316 2077 sibi
326 2032 390 2094 post
399 2027 542 2094 prandium
558 2044 639 2095 quam
650 2029 904 2094 tumultuosissime,

115 2102 211 2157 adesse
225 2099 343 2165 hostem,
363 2102 499 2153 nunciati.
538 2103 599 2165 Quo
613 2103 703 2168 lacto,
723 2104 863 2171 proripuit
876 2119 904 2156 se

115 2193 176 2229 cum
187 2175 283 2227 amicis
294 2181 321 2227 et
330 2181 408 2242 parta
423 2176 544 2245 equitum
554 2178 793 2246 praetorianorum
803 2179 833 2231 in
842 2194 905 2247 pro·

113 2253 216 2303 xlmam
227 2250 338 2314 silvam,
358 2251 545 2320 truncatisque
560 2253 706 2305 arboribus
717 2252 783 2304 etin
793 2252 905 2306 modum

113 2332 290 2392 tropaeorum
310 2324 452 2377 marnatis
473 2326 509 2376 ad
528 2326 632 2378 lumina
651 2341 789 2392 reversim,
810 2343 905 2381 eorum

114 2401 238 2468 quidem,
258 2399 579 2466 quisecutinonessent,
599 2400 775 2453 timiditatem
791 2402 905 2471 etigna·

112 2475 187 2526 riam
201 2474 349 2541 corripuit;
372 2475 486 2527 comites
500 2480 591 2526 autem
605 2480 633 2527 et
649 2475 799 2543 participes
818 2477 905 2529 victo-

112 2549 172 2600 riae
191 2563 263 2601 novo
284 2563 381 2616 genere
401 2564 435 2601 ac
452 2549 564 2601 nomine
588 2564 753 2602 coronarum
777 2550 905 2614 donarit3

113 2637 194 2688 quas,
215 2623 359 2674 distinctas
379 2622 447 2673 solis
467 2637 501 2674 ac
515 2622 596 2676 lunae
610 2622 785 2694 siderumque
804 2626 905 2694 specie,

99 2696 301 2761 exploratorias
315 2696 492 2769 appellavit.¹
512 2697 616 2753 Rursus
635 2698 746 2753 obsides
760 2700 906 2767 quosdam,
