1822 3068
207 195 466 245 ocrivisiius
501 197 578 244 GAP.
596 200 635 244 os.
769 197 820 249 105

62 334 128 391 nque
141 320 287 390 quaesitus
299 319 412 372 tandem
424 319 454 371 in
468 319 605 371 altissima
616 320 687 372 turri
696 328 819 390 repertus

62 394 182 460 tisoens
191 400 290 447 eontra
299 394 368 446 solis
379 399 513 447 exortum.
539 395 627 457 Quum
638 395 755 462 primurn
763 395 820 450 fari

62 469 177 537 spissae
189 468 221 520 in
234 469 310 521 avito
326 469 483 521 suburbaw
495 469 683 536 obstrepentes
691 468 765 522 forte
774 486 817 522 ra·

62 543 272 605 usilereiussit3
287 548 370 612 sque
380 557 414 596 ex
424 559 456 595 eo
466 549 601 611 negantur
609 543 651 595 ibi
660 557 743 595 ranae
753 559 816 596 eoa-

62 630 102 669 ue.
138 616 181 668 Ad
190 623 320 686 qunrtsssn
332 618 452 686 lapidem
463 618 618 686 Campanae
631 619 708 683 viae,
727 617 758 670 in
770 634 816 670 ne·

63 691 270 764 oreprsndenti‚
281 692 475 759 exinproviso
487 692 581 760 aquila
590 707 688 760 panem
698 693 815 745 eierna-

62 765 172 834 inspuit,
182 772 213 817 et
221 781 305 835 quum
316 766 449 818 altiuisue
459 767 607 831 evolasset,
617 783 712 819 nuens
722 781 756 820 ex
764 768 816 819 irn-

62 839 138 893 erim
151 838 252 893 leniter
269 840 383 910 delapsa
400 841 530 892 reddidit
569 841 603 903 Q.
619 842 732 893 Catulus
751 849 816 911 post

62 912 181 967 mni
205 914 374 983 Capitolium
397 914 503 966 duabus
527 916 663 967 continuis
685 917 814 969 noctibus

62 988 174 1041 minut
177 989 300 1057 ,prima,
310 989 401 1042 lovem
413 990 552 1059 Optimum
560 989 711 1042 Maximum
716 1008 814 1060 ,-prae

62 1063 136 1115 sistis
150 1063 338 1132 compluribus
352 1064 427 1116 eirea
446 1079 522 1115 min
541 1063 710 1129 ludentibus,
729 1082 814 1118 arnum

62 1137 185 1202 muse,
207 1143 290 1206 atqoe
302 1139 333 1189 ln
347 1139 405 1191 eius
419 1139 508 1189 sinum
518 1139 626 1206 signum
635 1138 813 1206 reipublicae,

62 1210 193 1263 nium
201 1218 333 1280 gestaret,
346 1214 514 1281 reposuisse:
534 1219 564 1264 at
572 1213 739 1283 insequenti,
755 1214 813 1265 ani-

62 1284 202 1339 stlvertisse
220 1301 250 1338 se
268 1287 298 1338 in
317 1288 421 1354 gremio
442 1287 593 1354 Capitolini
605 1287 679 1340 lovis
698 1289 812 1341 eundem

62 1373 351 1505 maliolli
359 1359 812 1502 iniciantium

62 1514 141 1563 mur.
177 1509 218 1561 Ae
237 1510 282 1562 die
300 1510 426 1578 proximo
448 1510 559 1561 obvium
577 1509 633 1560 sibi
650 1510 811 1576 Augustum,

62 1596 108 1635 ns
114 1583 285 1652 iuoognitum
295 1585 366 1635 alias
375 1583 496 1649 haberet,
501 1599 558 1635 non
567 1583 625 1634 sine
630 1583 812 1637 admiratione

62 1658 160 1711 usius
169 1659 340 1711 simillisnum
350 1658 420 1711 uixit
429 1658 564 1726 puero‚de
573 1670 628 1724 quo
638 1658 812 1709 somniasset.

62 1732 229 1803 numptius
239 1728 474 1786 somniumCatuii
483 1732 564 1784 aliter
573 1737 720 1799 exponunt,
732 1732 813 1799 qrrasi

62 1806 136 1873 pstor,
156 1809 344 1878 compluribus
358 1808 536 1877 praetextatis
549 1811 668 1858 tutorem
686 1822 704 1857 a
718 1821 748 1859 se
762 1821 811 1875 po-

62 1883 297 1949 nnbus,unnnsex
305 1884 346 1936 eis
356 1882 576 1947 demonstrasset,
582 1881 617 1933 ad
628 1897 706 1950 quem
718 1882 812 1935 omnia

62 1955 158 2011 sloede
166 1973 219 2011 sua
232 1956 377 2022 referrent,
397 1959 509 2027 eiusque
523 1957 646 2010 osculum
661 1956 810 2010 delibatum

62 2030 117 2097 ritu
126 2033 161 2084 ad
173 2048 294 2085 ossuum
308 2032 454 2085 retulisset.
491 2033 531 2084 Μ.
543 2033 652 2095 Cicero,
669 2033 698 2085 c.
711 2033 810 2085 Gaesa-

62 2118 83 2157 ι
97 2107 127 2159 ln
140 2107 311 2177 Capitolium
330 2113 502 2175 prosecutus,
521 2107 658 2160 somnium
676 2109 811 2177 psistinae

62 2180 112 2233 ntis
124 2181 309 2235 familiaribus
323 2180 395 2234 forte
409 2182 553 2233 nanabatz
572 2197 686 2250 puerum
695 2183 767 2234 facie
777 2184 810 2233 li-

62 2256 123 2321 sali,
133 2257 281 2311 demissum
292 2257 370 2309 coelo
381 2263 478 2309 eatena
488 2272 584 2320 aurea,
599 2257 718 2309 adfores
729 2257 810 2323 Capi·

62 2326 89 2381 lil
100 2332 268 2396 perstitisse,
289 2332 368 2399 eique
382 2331 474 2384 lovem
492 2331 630 2399 flagellum
647 2330 809 2382 tradidisse:

62 2402 131 2472 inae,
150 2412 262 2476 repente
270 2406 393 2475 Augusto
408 2407 482 2470 viso,
493 2422 572 2474 quem
586 2406 709 2472 ignotum
721 2400 810 2454 adhue

62 2479 159 2548 trisque
168 2481 319 2534 avunculus
330 2481 432 2533 Caesar
441 2480 478 2532 ad
486 2480 694 2532 sacrificandum
706 2477 810 2528 nouve-

62 2558 81 2617 ἱ,
99 2557 256 2620 elimavit,
274 2557 446 2625 ipsumesse,
469 2555 546 2609 ouius
558 2551 810 2620 imagoseonndum

62 2627 140 2682 iotam
154 2632 210 2684 sibi
223 2632 370 2683 obversata
383 2630 428 2682 sit.
467 2629 591 2682 Sumenti
600 2627 706 2678 virilem
715 2631 811 2694 togam

62 2704 175 2759 maluti
184 2706 272 2771 olari,
291 2711 385 2759 resuta
397 2719 431 2759 ex
444 2710 561 2773 utraque
570 2706 661 2770 parte,
681 2700 717 2753 ad
726 2702 809 2770 pedes
