1874 3060
126 194 177 270 sor
399 197 428 242 c.
453 193 643 244 sunnonis

126 335 206 390 quem
221 335 255 373 ex
273 318 470 372 consuetudine
488 333 573 370 manu
591 332 644 370 sua
662 315 817 383 cibaturus,
837 333 920 387 quum

126 400 318 462 consumptum
329 411 346 446 a
359 394 484 446 formicis
497 393 660 457 invenisset,
679 393 801 445 monitus
815 400 871 459 est,
889 402 921 449 ut

124 471 180 522 vim
203 470 388 521 multitudinis
412 473 529 520 caveret.
569 467 689 519 Rediens
712 482 779 535 argo
802 482 919 536 propere

125 544 433 612 Campaniam,1ist11rae
443 543 474 595 in
481 543 643 610 languorem
651 541 763 594 incidit:
775 557 832 611 quo
842 543 918 611 paui·

123 619 180 670 lnm
190 619 309 683 levatura,
325 618 448 670 Circeios
461 616 606 685 pertendit.
644 616 726 669 Aeno
736 631 820 684 quam
831 618 918 687 suspi-

123 693 231 746 cionem
240 694 410 744 infirmitatis
421 693 511 757 daret,
527 691 713 744 castrensibus
726 689 801 743 ludis
810 707 869 745 non
877 692 917 745 in·

121 767 219 833 tensuit
232 768 334 832 solum,
355 767 404 820 sed
418 769 502 819 etiarn
516 767 630 818 missum
643 766 674 817 in
688 780 801 818 arenam
821 781 917 835 aprum

121 841 222 893 iaculis
233 842 350 910 desuper
359 843 451 910 petiit:
472 842 619 909 statimque
629 840 716 893 latere
726 839 870 906 convulso,
880 847 916 906 et,

121 922 154 968 ut
166 921 355 982 exaestuaret,
376 916 486 967 afflatus
499 931 580 980 anre,
600 916 630 966 in
644 915 801 982 graviorem
818 915 917 970 recidit

121 991 256 1042 morbum.
296 990 465 1044 sustentavit
481 996 573 1042 tamen
587 989 771 1058 aliquamdiu,
791 991 916 1058 quamvis

120 1064 257 1117 Misenum
270 1081 358 1135 usqne
372 1066 500 1117 derectus
512 1063 583 1116 nibil
596 1079 630 1117 ex
645 1064 741 1117 ordine
751 1064 914 1133 quoiidiaao

28 1176 31 1182 .
119 1141 361 1208 praetermitteret,
376 1155 410 1191 ne
420 1140 548 1192 convivia
557 1139 667 1207 quidem
677 1154 711 1190 ao
722 1145 828 1193 ceteras
837 1139 914 1194 volur

118 1219 218 1281 ptates,
228 1215 330 1282 partim
339 1215 559 1282 intemperantia,
570 1214 672 1281 partim
683 1214 914 1269 dissimulatione.

118 1287 190 1339 Nam
196 1287 349 1341 Chariclen
359 1288 584 1356 medicum,quod
594 1295 750 1341 commeatu
757 1288 913 1354 ablaturus,

118 1376 134 1414 e
147 1363 275 1415 convivio
290 1363 446 1431 egrediens,
467 1378 577 1414 manum
596 1364 651 1416 sibi
668 1363 816 1416 osmiandi
829 1378 914 1417 eausa

118 1434 355 1504 apprehendisset,
376 1439 536 1490 existimans
545 1443 666 1490 tentatas
676 1439 711 1489 ab
721 1453 755 1491 eo
765 1453 861 1505 roan,
871 1454 913 1492 ra·

116 1527 228 1565 manere
238 1528 271 1564 ao
279 1513 437 1565 recumbere
452 1511 577 1564 hortatus
591 1519 646 1578 est,
666 1527 836 1581 coenamque
849 1528 913 1582 pro·

116 1587 211 1639 traxit.
250 1587 308 1640 Nec
318 1588 451 1640 abstinuit
461 1587 670 1652 consuetudine,
691 1587 758 1655 quin
767 1593 835 1643 tune
845 1603 913 1656 quo·

117 1676 170 1728 que
179 1662 287 1713 instans
296 1663 326 1713 in
336 1662 428 1715 medio
438 1663 571 1727 triclinio,
582 1668 691 1714 astante
699 1661 808 1729 lictore,
818 1662 911 1732 singu·

115 1735 160 1788 los
169 1736 262 1788 valere
272 1736 392 1790 dicentes
403 1737 563 1805 appellaret

172 1810 298 1862 LXXlll.
318 1811 429 1863 interim
445 1826 527 1879 quum
540 1811 571 1862 in
585 1811 778 1864 maecenates
788 1811 910 1881 legisset,

115 1870 234 1936 dimisis
244 1901 276 1938 ae
285 1902 319 1937 ne
328 1885 432 1937 auditos
442 1885 545 1952 quiden
554 1885 679 1952 quosdam
688 1901 755 1949 reos,
765 1886 800 1939 de
811 1887 911 1954 quibus

114 1959 244 2024 strictim,
265 1965 294 2012 et
311 1959 381 2011 nibil
400 1960 477 2012 alind
497 1975 579 2028 quam
592 1960 750 2012 nominatos
768 1961 911 2015 abiudico

114 2033 276 2100 scripseram
295 2050 347 2102 pro
363 2041 518 2102 contempto
534 2051 563 2087 se
578 2033 701 2087 habitum
715 2035 849 2102 fremem,
867 2050 909 2089 ra·

112 2113 206 2176 petere
217 2108 337 2176 Capreas
349 2125 460 2178 quoquo
471 2110 554 2162 modo
566 2111 726 2175 destinarit,
740 2125 798 2162 non
806 2117 911 2165 masma

113 2182 261 2250 quiequam
274 2185 330 2235 nisi
345 2199 378 2236 ex
391 2191 453 2236 tuto
469 2200 595 2237 anninus.
632 2185 689 2237 Sed
702 2191 731 2237 et
739 2185 909 2252 tempestati·

45 2284 48 2290 ·
112 2256 165 2308 bus
175 2263 203 2310 et
212 2258 460 2325 ingravescente-vi
473 2260 564 2312 morbi
577 2265 713 2324 retentus,
731 2259 829 2327 paullo
843 2265 909 2328 post

113 2332 223 2384 obiitin
232 2333 300 2385 villa
309 2332 476 2399 Lucullana,
498 2341 596 2399 octavo
611 2342 640 2387 et
648 2335 852 2402 septuagesimo
863 2350 907 2388 aa·

110 2409 178 2459 tatis
189 2410 358 2473 anno,tertlo
370 2415 397 2461 et
405 2410 536 2460 vicesimo
545 2409 664 2478 imperii,
669 2409 788 2477 septimo
798 2409 905 2463 deri-o

110 2481 251 2534 Kalendas
261 2483 376 2550 Aprilis,
393 2484 442 2535 Cu.
453 2484 602 2537 Acerronio
613 2483 749 2548 Proculo,
761 2484 792 2536 0.
802 2480 905 2538 Pontio

110 2555 228 2624 Nigrino
240 2558 408 2610 consulibus.
448 2556 518 2610 Sunt
527 2561 575 2626 qni
585 2565 691 2627 putent,
706 2574 843 2613 venenum
852 2559 904 2612 eia

112 2630 180 2684 Caio
193 2632 287 2684 datum
296 2633 399 2684 lentum
417 2638 498 2702 atque
511 2635 665 2686 tabificumr
685 2633 749 2699 eiii,
763 2634 795 2686 in
808 2634 902 2688 remia·

92 2704 180 2759 sione
197 2705 339 2764 fortuitae
355 2706 444 2762 febris
459 2707 553 2761 cibum
571 2707 741 2762 desideranti
758 2715 900 2781 negamus
