1874 3060
124 141 174 194 256
404 143 431 189 0.
453 141 645 191 sunnonis

123 281 197 330 rum3
217 265 410 334 revocatisque
420 264 455 317 ed
465 264 664 334 poenitentiam
674 261 871 330 delectoribus,
881 278 923 319 aa·

123 341 218 410 quenti
232 341 277 392 die
290 340 394 392 laetum
408 339 584 391 interlectos
599 344 773 390 cantaturum
791 338 921 408 epinlelq

123 430 195 486 quae
204 415 261 466 iam
271 430 344 466 nunc
354 414 410 464 sibi
419 415 549 483 componi
559 419 708 482 oporteret.

177 486 277 541 XLIV.
297 488 329 539 ln
343 488 535 556 praeparanda
549 487 723 554 expeditione
740 487 862 555 primane
876 500 919 540 cu·

121 578 182 618 ram
191 561 291 614 habuit
300 563 438 630 deligendi
447 561 582 627 vehicula,
592 561 737 629 portandis
747 561 868 614 scenicis
877 574 918 615 ot-

121 639 211 706 genn,
223 637 454 704 concubinasque,
461 651 530 704 quas
541 650 632 688 secum
642 636 779 700 educeret,
784 635 918 688 tondendi

122 711 276 763 adviiilem
286 710 412 774 modum,
433 717 462 762 et
475 711 616 762 securibus
626 710 763 777 peltisque
771 709 917 763 Amazoni·

123 784 336 838 cislnstruendi.
360 784 429 836 Mox
438 785 528 836 tn'bus
538 785 659 836 urbanas
669 784 705 835 ad
715 790 915 855 aeramentum

123 860 232 920 citavit3
244 874 277 910 ac
286 857 363 910 nullo
374 859 476 910 idoneo
486 859 678 926 respondente,
684 863 790 910 certum
799 857 918 912 dominis

122 948 264 985 servorum
277 948 418 983 numerum
433 933 548 995 indixit3
571 948 623 985 nec
635 933 691 983 nisi
704 946 739 984 ex
751 937 816 985 tota
831 931 917 984 cuins-

122 1023 176 1077 qne
189 1005 298 1057 familia
310 1007 538 1073 probatissimos,
557 1023 592 1058 ue
607 1006 848 1075 dispensatosibus
861 1006 917 1074 qul·

105 1082 184 1143 ‚dem
205 1087 254 1132 aut
274 1081 485 1132 amanuensibus
503 1081 637 1148 exceptis,
656 1081 770 1148 recepit.
809 1079 917 1132 Pas-tem

123 1157 206 1208 etiam
219 1169 316 1205 census
328 1169 422 1205 omnes
433 1155 543 1206 ordines
554 1154 678 1207 conferre
691 1155 788 1218 iussin
808 1154 917 1207 minan·

122 1244 172 1298 per
185 1228 338 1296 inquilinos
357 1228 528 1295 privatarum
543 1229 653 1281 aedium
668 1235 752 1297 atque
765 1228 918 1280 insularum

121 1302 282 1371 pensionem
298 1316 417 1353 annuam
430 1307 636 1375 repraesentare
650 1303 728 1354 lisco.
765 1302 919 1372 Exegltque

121 1377 228 1444 ingenti
237 1374 353 1428 fastidio
365 1383 393 1428 et
403 1377 555 1429 acerbitate
565 1392 703 1428 nummum
715 1392 858 1446 aspernens,
878 1390 918 1429 ar·

122 1456 232 1520 gentum
248 1451 432 1518 pustulam,
453 1467 551 1503 amum
565 1451 601 1502 ed
616 1452 774 1514 obnusam3
792 1457 826 1502 ut
838 1450 919 1520 pleri·

124 1541 176 1594 que
187 1540 294 1577 omnem
306 1526 483 1578 collationem
493 1525 586 1593 palam
596 1532 768 1590 recusarent,
785 1540 920 1578 commu

123 1600 292 1667 flagitantes,
308 1614 326 1650 a
336 1600 507 1652 delatoribus
517 1600 610 1667 potins
620 1600 777 1652 revocanda
787 1599 919 1668 praemia,

124 1689 302 1743 qstaecunqne
313 1675 456 1741 cepissent.
563 1685 566 1690 ’

153 1811 159 1817 g
179 1747 266 1799 XLV.
286 1747 329 1798 Ex
340 1762 467 1800 annonae
477 1763 587 1816 quoque
598 1748 713 1800 munte
725 1746 919 1817 [luctantium]

125 1823 245 1874 eemevit
253 1822 368 1872 invidia.
407 1821 478 1872 Nem
489 1830 517 1873 et
525 1822 598 1874 forte
609 1822 719 1887 accidit,
729 1823 800 1874 utin
809 1823 915 1889 publice

123 1896 197 1947 ieme
207 1894 392 1946 Alexandrina
406 1896 485 1946 nevis
499 1897 676 1948 enudaretur
685 1897 825 1966 pulverem
836 1896 908 1948 lucto

124 1969 233 2022 toribus
244 1968 343 2018 aulicis
354 1968 506 2021 advexisse.
538 1970 630 2031 Quare
641 1972 764 2023 onmium
773 1971 804 2022 in
814 1987 845 2022 se
856 1970 902 2023 odi

123 2042 253 2105 incitato,
273 2040 343 2092 nihil
358 2044 585 2096 contumeliarum
600 2044 699 2110 delusit,
721 2046 788 2113 quin
807 2044 899 2097 subire

126 2117 240 2170 statuae
250 2117 310 2167 eius
321 2117 449 2169 avertice
454 2119 542 2169 cirrus
547 2119 691 2186 appositus
701 2126 744 2171 est
753 2135 815 2170 cum
824 2120 894 2171 insci

123 2191 220 2259 ptione
231 2189 351 2256 Graeca,
367 2190 445 2244 Nnne
455 2193 557 2244 demum
566 2209 656 2262 agona
666 2209 731 2257 esse,
742 2200 779 2258 et,
793 2191 889 2245 liade

125 2265 240 2318 tandm.
279 2265 399 2317 Alterius
410 2266 483 2318 collo
495 2271 523 2318 et
533 2281 667 2336 ascopera
677 2268 813 2335 deligata,
829 2267 884 2319 sim¹

127 2356 179 2408 que
188 2339 300 2391 titulus:
319 2339 382 2409 Ego
393 2340 458 2407 qnid
462 2341 557 2408 potui?
575 2342 622 2392 aed
634 2342 779 2394 tunoleum
792 2340 880 2394 merui

125 2414 282 2484 Ascriptum
299 2421 327 2466 et
341 2415 489 2480 columnis,
510 2408 604 2466 Etiam
617 2415 706 2467 Gallos
721 2432 781 2468 enm
791 2424 873 2469 easta

126 2488 262 2541 excitasse.
300 2487 359 2540 lem
373 2491 501 2542 noctibus
513 2490 606 2557 iurgia
621 2506 682 2542 cum
696 2491 784 2543 servis
798 2490 869 2560 pleri

126 2563 297 2628 simulantes,
309 2560 544 2616 crebro'os'nds'cem
554 2566 714 2632 poscebant.

174 2637 278 2692 XLVI.
303 2639 470 2695 Tenebalnr
485 2640 520 2692 ad
535 2637 589 2693 hoc
604 2639 777 2696 evidentibus
786 2646 858 2710 port
