1822 3068
82 215 114 265 12
361 215 386 260 0.
411 211 593 260 sunrouu

82 344 144 406 pto,
159 337 189 389 in
199 337 369 404 provinciam
385 336 466 398 abiit3
486 341 514 387 et
527 336 621 386 statim
632 342 763 403 quaestor

82 411 282 479 praeiudicium
294 411 401 478 aliquot
411 410 570 461 criminibus
581 416 706 476 arreptus
717 416 767 461 est.

83 487 180 554 etipse
190 501 207 536 a
217 484 495 537 L.Antistiot1ibuno
507 484 595 551 plebis
605 484 769 551 postulatus,

82 562 141 612 lato
162 561 269 612 demum
293 559 410 624 collegio
436 558 567 622 obtinuit,
589 574 670 626 quum
691 560 732 609 rei
745 575 770 625 pr

83 650 168 687 causa
178 636 298 698 abesset,
319 648 382 685 rem
396 649 430 684 ne
445 633 531 684 fieret.
569 633 610 682 Ad
621 633 768 684 seemitate

82 710 188 779 posteri
196 709 328 776 ternporis
338 709 367 759 in
377 723 477 775 magno
492 708 605 774 negotio
620 705 728 771 habuit,
750 708 770 758 o‘

83 799 189 851 semper
200 798 305 835 annuos
315 783 507 849 magistratus,
518 788 545 833 et
555 798 569 834 e
581 783 770 849 competitorih

84 859 157 911 alios
167 857 298 909 adiuvare
308 863 356 908 aut
366 857 402 908 ad
411 854 544 908 honorem
554 857 614 923 pati
623 857 766 923 pervenire

84 933 132 1002 qui
142 932 197 983 sibi
206 933 374 999 recepissent
383 937 607 999 propugnaturos
618 931 770 982 absentiam

84 1007 162 1058 errius
172 1007 247 1073 pacti
259 1022 316 1058 non
326 1007 463 1057 dubitavit
473 1021 490 1056 a
504 1006 668 1073 quibusdam
683 1006 770 1056 iusim

84 1087 166 1148 atque
176 1081 259 1132 etiam
270 1079 456 1147 syngrapham
466 1081 582 1147 exigere.

139 1153 239 1207 XXIV.
260 1154 314 1207 Sed
325 1170 407 1221 quum
417 1154 451 1205 L.
463 1154 615 1218 Domitius,
638 1154 770 1206 consules

86 1229 209 1292 didatrrs,
225 1229 318 1296 palam
328 1230 491 1292 minaretur,
513 1229 653 1280 consulem
664 1244 693 1280 se
704 1228 770 1280 effec

85 1304 160 1371 quod
174 1309 287 1370 praetor
301 1304 454 1370 nequisset,
473 1302 716 1370 adempturumque
731 1304 758 1355 ei

84 1385 144 1440 tus3
165 1377 294 1429 Crassum
308 1377 536 1444 Pompeiumque,
557 1379 587 1428 iu
605 1377 700 1428 urbem
714 1394 770 1444 pro*

85 1467 152 1503 suae
161 1451 267 1504 Lucam
277 1458 424 1516 extractos,
436 1451 577 1518 compulit,
588 1457 631 1516 ut,
644 1452 770 1504 detrudor

83 1527 157 1579 mitid
171 1536 266 1591 causa,
288 1527 461 1579 consulatum
477 1526 594 1578 alterum
607 1533 742 1594 peterent3
764 1544 770 1577 t

85 1602 300 1669 quinquennium
315 1602 370 1652 sibi
381 1601 526 1668 imperium
541 1607 750 1668 prorogaretur:

85 1677 176 1744 citque
185 1671 361 1744 dtr-umque]
394 1675 456 1736 Qua
466 1675 568 1725 fiducia
579 1675 614 1726 ad
624 1674 761 1742 legiones,

84 1750 227 1818 republica
244 1755 399 1816 acceperat,
419 1748 490 1799 alias
505 1747 644 1816 [publico,
665 1750 749 1818 alias]
766 1767 770 1818 1

85 1831 196 1892 sumptu
209 1824 330 1876 addidit:
359 1837 442 1873 unam
457 1823 539 1874 etiam
555 1839 589 1876 ex
604 1825 771 1891 Transalpin

85 1899 228 1965 scriptam,
248 1896 385 1949 vocabulo
401 1912 511 1965 quoque
527 1897 651 1961 Galliam
680 1898 769 1950 Alaud

86 1973 290 2040 appellabatur3
311 1987 393 2038 quam
404 1971 551 2039 disciplina
562 1973 689 2041 cultuque
698 1973 768 2024 Rom

87 2048 211 2098 stitutam
222 2053 250 2098 et
260 2052 399 2111 ornatam,
419 2053 518 2114 postea
532 2048 688 2100 universam
704 2049 770 2099 civit

85 2123 171 2173 navit.
187 2166 190 2171 ,
209 2120 267 2172 Nec
286 2120 384 2172 deinde
397 2121 456 2172 ulla
469 2121 537 2173 belli
552 2123 709 2186 occasione,
731 2139 765 2174 ne

86 2196 195 2265 quidem
207 2210 240 2247 ac
249 2195 407 2263 pericrdosi,
413 2196 554 2260 abstinuit,
561 2202 618 2248 tam
627 2196 770 2248 foederatis

85 2269 194 2323 infestis
214 2286 248 2322 ac
266 2270 333 2322 feris
352 2271 479 2338 gentibus
499 2271 573 2323 ultro
589 2271 740 2334 lacessitis;
766 2288 770 2322 ε

87 2351 198 2399 serranus
218 2345 357 2413 quondam
377 2345 485 2412 legatos
505 2345 541 2396 ad
561 2346 759 2413 explorandum

89 2419 242 2471 Galliarum
252 2419 400 2471 mittendos
412 2419 574 2483 decreverit,
596 2435 629 2470 ac
642 2421 770 2472 nonnulli

88 2495 150 2546 dum
162 2510 224 2547 eum
239 2493 364 2546 hostibus
375 2494 547 2546 censuerint.
587 2494 640 2546 Sed
654 2511 770 2562 prosper

87 2569 214 2621 dentibus
227 2570 322 2632 rebus,
343 2575 370 2620 et
384 2568 495 2635 saepius
511 2574 539 2619 et
551 2569 684 2635 plurium,
706 2586 770 2638 quar

88 2658 170 2709 quam
179 2659 319 2711 uniquam,
330 2642 436 2694 dierum
446 2641 662 2709 supplicationes
672 2646 770 2711 impeti

137 2717 227 2769 XXV.
251 2717 344 2773 Gessit
353 2721 444 2769 sutem
452 2731 552 2769 norem
564 2719 656 2784 annis,
674 2720 770 2786 quibus
