<?xml version="1.0" encoding="UTF-8"?>
<!DOCTYPE html PUBLIC "-//W3C//DTD XHTML 1.0 Transitional//EN"
    "http://www.w3.org/TR/xhtml1/DTD/xhtml1-transitional.dtd">
<html xmlns="http://www.w3.org/1999/xhtml" xml:lang="en" lang="en">
 <head>
  <title>
</title>
<meta http-equiv="Content-Type" content="text/html;charset=utf-8" />
  <meta name='ocr-system' content='tesseract 3.04.00' />
  <meta name='ocr-capabilities' content='ocr_page ocr_carea ocr_par ocr_line ocrx_word'/>
</head>
<body>
  <div class='ocr_page' id='page_1' title='image "./csuetoniitranqu00trangoog_0032.png"; bbox 0 0 1822 3068; ppageno 0'>
   <div class='ocr_carea' id='block_1_1' title="bbox 160 210 839 265">
    <p class='ocr_par' dir='ltr' id='par_1_1' title="bbox 160 210 839 265">
     <span class='ocr_line' id='line_1_1' title="bbox 160 210 839 265; baseline 0.004 -4"><span class='ocrx_word' id='word_1_1' title='bbox 160 214 289 261; x_wconf 79' lang='lat' dir='ltr'>IULIUS</span> <span class='ocrx_word' id='word_1_2' title='bbox 318 210 471 261; x_wconf 72' lang='lat' dir='ltr'>CAESAR.</span> <span class='ocrx_word' id='word_1_3' title='bbox 508 214 719 263; x_wconf 62' lang='lat' dir='ltr'><strong>(istil-4⁰.</strong></span> <span class='ocrx_word' id='word_1_4' title='bbox 807 214 839 265; x_wconf 80' lang='lat'><strong>21</strong></span> 
     </span>
    </p>
   </div>
   <div class='ocr_carea' id='block_1_2' title="bbox 10 337 889 2789">
    <p class='ocr_par' dir='ltr' id='par_1_2' title="bbox 10 337 889 1954">
     <span class='ocr_line' id='line_1_2' title="bbox 10 337 838 407; baseline 0.002 -18"><span class='ocrx_word' id='word_1_5' title='bbox 10 362 13 371; x_wconf 96' lang='lat'><em>·</em></span> <span class='ocrx_word' id='word_1_6' title='bbox 71 351 118 401; x_wconf 81' lang='lat' dir='ltr'><strong>nas,</strong></span> <span class='ocrx_word' id='word_1_7' title='bbox 135 339 245 389; x_wconf 86' lang='lat' dir='ltr'><strong>nimum</strong></span> <span class='ocrx_word' id='word_1_8' title='bbox 259 352 340 388; x_wconf 88' lang='lat' dir='ltr'><strong>suum</strong></span> <span class='ocrx_word' id='word_1_9' title='bbox 355 337 424 405; x_wconf 88' lang='lat' dir='ltr'><strong>egit,</strong></span> <span class='ocrx_word' id='word_1_10' title='bbox 445 337 617 404; x_wconf 79' lang='lat' dir='ltr'><strong>donatusque</strong></span> <span class='ocrx_word' id='word_1_11' title='bbox 632 338 787 407; x_wconf 70' lang='lat' dir='ltr'><strong>quingentis</strong></span> <span class='ocrx_word' id='word_1_12' title='bbox 797 352 838 391; x_wconf 87' lang='lat' dir='ltr'><strong>se-</strong></span> 
     </span>
     <span class='ocr_line' id='line_1_3' title="bbox 10 412 837 478; baseline 0.004 -15"><span class='ocrx_word' id='word_1_13' title='bbox 10 420 14 453; x_wconf 72' lang='lat' dir='ltr'><strong>t</strong></span> <span class='ocrx_word' id='word_1_14' title='bbox 71 413 189 464; x_wconf 71' lang='lat' dir='ltr'><strong>smdiset</strong></span> <span class='ocrx_word' id='word_1_15' title='bbox 201 412 306 463; x_wconf 81' lang='lat' dir='ltr'><strong>annulo</strong></span> <span class='ocrx_word' id='word_1_16' title='bbox 322 425 420 475; x_wconf 89' lang='lat' dir='ltr'><strong>aureo,</strong></span> <span class='ocrx_word' id='word_1_17' title='bbox 441 426 545 462; x_wconf 85' lang='lat' dir='ltr'><strong>sessum</strong></span> <span class='ocrx_word' id='word_1_18' title='bbox 559 413 589 463; x_wconf 90' lang='lat' dir='ltr'><strong>ln</strong></span> <span class='ocrx_word' id='word_1_19' title='bbox 605 414 837 478; x_wconf 83' lang='lat' dir='ltr'><strong>quatuordecima</strong></span> 
     </span>
     <span class='ocr_line' id='line_1_4' title="bbox 10 485 835 555; baseline 0 -18"><span class='ocrx_word' id='word_1_20' title='bbox 10 509 12 518; x_wconf 95' lang='lat'><em>·</em></span> <span class='ocrx_word' id='word_1_21' title='bbox 70 500 132 537; x_wconf 83' lang='lat' dir='ltr'><strong>scena</strong></span> <span class='ocrx_word' id='word_1_22' title='bbox 140 502 188 554; x_wconf 88' lang='lat' dir='ltr'><strong>per</strong></span> <span class='ocrx_word' id='word_1_23' title='bbox 197 485 368 539; x_wconf 87' lang='lat' dir='ltr'><strong>orchestram</strong></span> <span class='ocrx_word' id='word_1_24' title='bbox 383 487 502 538; x_wconf 82' lang='lat' dir='ltr'><strong>transiit.</strong></span> <span class='ocrx_word' id='word_1_25' title='bbox 542 486 729 551; x_wconf 79' lang='lat' dir='ltr'><strong>Circensibus,</strong></span> <span class='ocrx_word' id='word_1_26' title='bbox 743 490 835 555; x_wconf 91' lang='lat' dir='ltr'><strong>spatio</strong></span> 
     </span>
     <span class='ocr_line' id='line_1_5' title="bbox 10 558 834 628; baseline 0 -17"><span class='ocrx_word' id='word_1_27' title='bbox 10 572 12 599; x_wconf 71' lang='lat'>1</span> <span class='ocrx_word' id='word_1_28' title='bbox 68 558 720 628; x_wconf 77' lang='lat' dir='ltr'><strong>dirdabutraqueparteprodueto,etingyrum</strong></span> <span class='ocrx_word' id='word_1_29' title='bbox 730 561 834 628; x_wconf 85' lang='lat' dir='ltr'><strong>Euripo</strong></span> 
     </span>
     <span class='ocr_line' id='line_1_6' title="bbox 10 634 835 703; baseline 0.004 -20"><span class='ocrx_word' id='word_1_30' title='bbox 10 660 11 667; x_wconf 25' lang='grc' dir='ltr'><strong>κ</strong></span> <span class='ocrx_word' id='word_1_31' title='bbox 69 634 150 700; x_wconf 85' lang='lat' dir='ltr'><strong>addito,</strong></span> <span class='ocrx_word' id='word_1_32' title='bbox 161 636 313 703; x_wconf 75' lang='lat' dir='ltr'><strong>quadrigas</strong></span> <span class='ocrx_word' id='word_1_33' title='bbox 322 635 456 702; x_wconf 77' lang='lat' dir='ltr'><strong>bigasque</strong></span> <span class='ocrx_word' id='word_1_34' title='bbox 466 640 494 686; x_wconf 88' lang='lat' dir='ltr'><strong>et</strong></span> <span class='ocrx_word' id='word_1_35' title='bbox 503 651 589 703; x_wconf 91' lang='lat' dir='ltr'><strong>equos</strong></span> <span class='ocrx_word' id='word_1_36' title='bbox 600 635 768 687; x_wconf 90' lang='lat' dir='ltr'><strong>desultorios</strong></span> <span class='ocrx_word' id='word_1_37' title='bbox 778 637 835 702; x_wconf 87' lang='lat' dir='ltr'><strong>agl-</strong></span> 
     </span>
     <span class='ocr_line' id='line_1_7' title="bbox 10 709 836 762; baseline 0.004 -5"><span class='ocrx_word' id='word_1_38' title='bbox 10 733 12 741; x_wconf 44' lang='grc' dir='ltr'><em>ν</em></span> <span class='ocrx_word' id='word_1_39' title='bbox 68 713 172 761; x_wconf 74' lang='lat' dir='ltr'><strong>ulerunt</strong></span> <span class='ocrx_word' id='word_1_40' title='bbox 183 709 355 761; x_wconf 82' lang='lat' dir='ltr'><strong>nobilissimi</strong></span> <span class='ocrx_word' id='word_1_41' title='bbox 367 709 487 761; x_wconf 85' lang='lat' dir='ltr'><strong>iuvenes.</strong></span> <span class='ocrx_word' id='word_1_42' title='bbox 526 711 641 761; x_wconf 85' lang='lat' dir='ltr'><strong>Troiam</strong></span> <span class='ocrx_word' id='word_1_43' title='bbox 659 711 726 762; x_wconf 88' lang='lat' dir='ltr'><strong>lusit</strong></span> <span class='ocrx_word' id='word_1_44' title='bbox 745 717 836 760; x_wconf 69' lang='lat' dir='ltr'><strong>tauma</strong></span> 
     </span>
     <span class='ocr_line' id='line_1_8' title="bbox 10 780 836 852; baseline 0.006 -22"><span class='ocrx_word' id='word_1_45' title='bbox 10 818 12 824; x_wconf 24' lang='lat' dir='ltr'><strong>a</strong></span> <span class='ocrx_word' id='word_1_46' title='bbox 67 780 155 849; x_wconf 87' lang='lat' dir='ltr'><strong>duplex,</strong></span> <span class='ocrx_word' id='word_1_47' title='bbox 165 780 505 851; x_wconf 78' lang='lat' dir='ltr'><strong>maiornm&#39;minorumque</strong></span> <span class='ocrx_word' id='word_1_48' title='bbox 514 800 670 852; x_wconf 86' lang='lat' dir='ltr'><strong>puerorum.</strong></span> <span class='ocrx_word' id='word_1_49' title='bbox 703 784 836 836; x_wconf 83' lang='lat' dir='ltr'><strong>Venatio·</strong></span> 
     </span>
     <span class='ocr_line' id='line_1_9' title="bbox 66 857 835 927; baseline 0.003 -20"><span class='ocrx_word' id='word_1_50' title='bbox 66 858 195 909; x_wconf 70' lang='lat' dir='ltr'><strong>naeditae</strong></span> <span class='ocrx_word' id='word_1_51' title='bbox 204 874 255 926; x_wconf 86' lang='lat' dir='ltr'><strong>per</strong></span> <span class='ocrx_word' id='word_1_52' title='bbox 263 857 323 909; x_wconf 89' lang='lat' dir='ltr'><strong>dies</strong></span> <span class='ocrx_word' id='word_1_53' title='bbox 334 858 466 926; x_wconf 89' lang='lat' dir='ltr'><strong>quinque,</strong></span> <span class='ocrx_word' id='word_1_54' title='bbox 482 874 515 910; x_wconf 90' lang='lat' dir='ltr'><strong>ae</strong></span> <span class='ocrx_word' id='word_1_55' title='bbox 528 860 678 911; x_wconf 86' lang='lat' dir='ltr'><strong>novissime</strong></span> <span class='ocrx_word' id='word_1_56' title='bbox 692 875 784 927; x_wconf 91' lang='lat' dir='ltr'><strong>pugna</strong></span> <span class='ocrx_word' id='word_1_57' title='bbox 795 858 835 909; x_wconf 91' lang='lat' dir='ltr'><strong>di-</strong></span> 
     </span>
     <span class='ocr_line' id='line_1_10' title="bbox 10 930 835 1002; baseline 0.002 -19"><span class='ocrx_word' id='word_1_58' title='bbox 10 942 12 951; x_wconf 81' lang='grc'>’</span> <span class='ocrx_word' id='word_1_59' title='bbox 65 930 145 983; x_wconf 80' lang='lat' dir='ltr'><strong>rlsain</strong></span> <span class='ocrx_word' id='word_1_60' title='bbox 159 933 230 984; x_wconf 89' lang='lat' dir='ltr'><strong>duas</strong></span> <span class='ocrx_word' id='word_1_61' title='bbox 245 933 332 994; x_wconf 62' lang='lat' dir='ltr'><strong>aciem</strong></span> <span class='ocrx_word' id='word_1_62' title='bbox 353 932 496 998; x_wconf 83' lang='lat' dir='ltr'><strong>quingenis</strong></span> <span class='ocrx_word' id='word_1_63' title='bbox 510 934 661 1000; x_wconf 77' lang='lat' dir='ltr'><strong>peditibus,</strong></span> <span class='ocrx_word' id='word_1_64' title='bbox 683 933 835 1002; x_wconf 86' lang='lat' dir='ltr'><strong>elephantis</strong></span> 
     </span>
     <span class='ocr_line' id='line_1_11' title="bbox 64 1005 835 1074; baseline 0.006 -19"><span class='ocrx_word' id='word_1_65' title='bbox 64 1005 161 1071; x_wconf 64' lang='lat' dir='ltr'><strong>dueum,</strong></span> <span class='ocrx_word' id='word_1_66' title='bbox 180 1007 296 1059; x_wconf 83' lang='lat' dir='ltr'><strong>tricenis</strong></span> <span class='ocrx_word' id='word_1_67' title='bbox 309 1007 449 1074; x_wconf 87' lang='lat' dir='ltr'><strong>equitibus</strong></span> <span class='ocrx_word' id='word_1_68' title='bbox 469 1005 533 1059; x_wconf 89' lang='lat' dir='ltr'><strong>hine</strong></span> <span class='ocrx_word' id='word_1_69' title='bbox 552 1009 652 1060; x_wconf 78' lang='lat' dir='ltr'><strong>atinde</strong></span> <span class='ocrx_word' id='word_1_70' title='bbox 673 1010 835 1060; x_wconf 83' lang='lat' dir='ltr'><strong>commissis.</strong></span> 
     </span>
     <span class='ocr_line' id='line_1_12' title="bbox 10 1076 836 1151; baseline 0.006 -22"><span class='ocrx_word' id='word_1_71' title='bbox 10 1100 12 1107; x_wconf 41' lang='lat' dir='ltr'>v</span> <span class='ocrx_word' id='word_1_72' title='bbox 63 1076 119 1131; x_wconf 79' lang='lat' dir='ltr'><strong>Nam</strong></span> <span class='ocrx_word' id='word_1_73' title='bbox 128 1097 182 1150; x_wconf 89' lang='lat' dir='ltr'><strong>quo</strong></span> <span class='ocrx_word' id='word_1_74' title='bbox 194 1081 287 1132; x_wconf 83' lang='lat' dir='ltr'><strong>laxius</strong></span> <span class='ocrx_word' id='word_1_75' title='bbox 297 1081 486 1146; x_wconf 88' lang='lat' dir='ltr'><strong>dimicaretur,</strong></span> <span class='ocrx_word' id='word_1_76' title='bbox 502 1082 627 1134; x_wconf 87' lang='lat' dir='ltr'><strong>sublatae</strong></span> <span class='ocrx_word' id='word_1_77' title='bbox 641 1090 742 1147; x_wconf 86' lang='lat' dir='ltr'><strong>metae,</strong></span> <span class='ocrx_word' id='word_1_78' title='bbox 753 1085 836 1151; x_wconf 89' lang='lat' dir='ltr'><strong>inque</strong></span> 
     </span>
     <span class='ocr_line' id='line_1_13' title="bbox 62 1156 835 1210; baseline 0.001 -3"><span class='ocrx_word' id='word_1_79' title='bbox 62 1168 140 1207; x_wconf 79' lang='lat' dir='ltr'><strong>eornm</strong></span> <span class='ocrx_word' id='word_1_80' title='bbox 150 1157 243 1208; x_wconf 89' lang='lat' dir='ltr'><strong>locum</strong></span> <span class='ocrx_word' id='word_1_81' title='bbox 252 1156 320 1207; x_wconf 90' lang='lat' dir='ltr'><strong>bina</strong></span> <span class='ocrx_word' id='word_1_82' title='bbox 331 1162 423 1207; x_wconf 85' lang='lat' dir='ltr'><strong>castra</strong></span> <span class='ocrx_word' id='word_1_83' title='bbox 432 1171 466 1208; x_wconf 87' lang='lat' dir='ltr'><strong>ex</strong></span> <span class='ocrx_word' id='word_1_84' title='bbox 474 1157 589 1208; x_wconf 87' lang='lat' dir='ltr'><strong>adverso</strong></span> <span class='ocrx_word' id='word_1_85' title='bbox 596 1158 745 1209; x_wconf 87' lang='lat' dir='ltr'><strong>constituta</strong></span> <span class='ocrx_word' id='word_1_86' title='bbox 750 1167 835 1210; x_wconf 85' lang='lat' dir='ltr'><strong>erant.</strong></span> 
     </span>
     <span class='ocr_line' id='line_1_14' title="bbox 10 1226 837 1301; baseline 0 -18"><span class='ocrx_word' id='word_1_87' title='bbox 10 1226 18 1283; x_wconf 63' lang='lat' dir='ltr'><strong>*f</strong></span> <span class='ocrx_word' id='word_1_88' title='bbox 61 1228 183 1295; x_wconf 70' lang='lat' dir='ltr'><strong>Athletae,</strong></span> <span class='ocrx_word' id='word_1_89' title='bbox 209 1231 301 1281; x_wconf 87' lang='lat' dir='ltr'><strong>stadio</strong></span> <span class='ocrx_word' id='word_1_90' title='bbox 323 1230 359 1281; x_wconf 88' lang='lat' dir='ltr'><strong>ad</strong></span> <span class='ocrx_word' id='word_1_91' title='bbox 378 1235 484 1297; x_wconf 82' lang='lat' dir='ltr'><strong>tempus</strong></span> <span class='ocrx_word' id='word_1_92' title='bbox 508 1237 646 1283; x_wconf 86' lang='lat' dir='ltr'><strong>exstructo</strong></span> <span class='ocrx_word' id='word_1_93' title='bbox 671 1233 700 1283; x_wconf 87' lang='lat' dir='ltr'><strong>in</strong></span> <span class='ocrx_word' id='word_1_94' title='bbox 725 1234 837 1301; x_wconf 82' lang='lat' dir='ltr'><strong>regione</strong></span> 
     </span>
     <span class='ocr_line' id='line_1_15' title="bbox 10 1301 836 1372; baseline 0.007 -19"><span class='ocrx_word' id='word_1_95' title='bbox 10 1329 11 1336; x_wconf 24' lang='grc' dir='ltr'><strong>κ</strong></span> <span class='ocrx_word' id='word_1_96' title='bbox 60 1301 142 1357; x_wconf 78' lang='lat' dir='ltr'><strong>llutii</strong></span> <span class='ocrx_word' id='word_1_97' title='bbox 156 1306 261 1371; x_wconf 88' lang='lat' dir='ltr'><strong>campi,</strong></span> <span class='ocrx_word' id='word_1_98' title='bbox 277 1310 449 1356; x_wconf 82' lang='lat' dir='ltr'><strong>certaverunt</strong></span> <span class='ocrx_word' id='word_1_99' title='bbox 462 1321 512 1372; x_wconf 91' lang='lat' dir='ltr'><strong>per</strong></span> <span class='ocrx_word' id='word_1_100' title='bbox 527 1307 657 1357; x_wconf 84' lang='lat' dir='ltr'><strong>triduum.</strong></span> <span class='ocrx_word' id='word_1_101' title='bbox 695 1307 732 1358; x_wconf 88' lang='lat' dir='ltr'><strong>Et</strong></span> <span class='ocrx_word' id='word_1_102' title='bbox 744 1307 836 1359; x_wconf 81' lang='lat' dir='ltr'><strong>navali</strong></span> 
     </span>
     <span class='ocr_line' id='line_1_16' title="bbox 60 1379 838 1445; baseline 0.005 -16"><span class='ocrx_word' id='word_1_103' title='bbox 60 1380 166 1445; x_wconf 86' lang='lat' dir='ltr'><strong>proelio,</strong></span> <span class='ocrx_word' id='word_1_104' title='bbox 183 1380 214 1430; x_wconf 92' lang='lat' dir='ltr'><strong>in</strong></span> <span class='ocrx_word' id='word_1_105' title='bbox 228 1380 335 1430; x_wconf 89' lang='lat' dir='ltr'><strong>minore</strong></span> <span class='ocrx_word' id='word_1_106' title='bbox 347 1379 451 1430; x_wconf 82' lang='lat' dir='ltr'><strong>Codeta</strong></span> <span class='ocrx_word' id='word_1_107' title='bbox 465 1379 576 1432; x_wconf 86' lang='lat' dir='ltr'><strong>defosso</strong></span> <span class='ocrx_word' id='word_1_108' title='bbox 587 1380 663 1445; x_wconf 85' lang='lat' dir='ltr'><strong>lacu,</strong></span> <span class='ocrx_word' id='word_1_109' title='bbox 677 1382 795 1434; x_wconf 86' lang='lat' dir='ltr'><strong>biremes</strong></span> <span class='ocrx_word' id='word_1_110' title='bbox 805 1396 838 1433; x_wconf 89' lang='lat' dir='ltr'><strong>ae</strong></span> 
     </span>
     <span class='ocr_line' id='line_1_17' title="bbox 14 1453 838 1529; baseline 0.001 -24"><span class='ocrx_word' id='word_1_111' title='bbox 14 1488 17 1529; x_wconf 86' lang='lat'>:</span> <span class='ocrx_word' id='word_1_112' title='bbox 59 1453 171 1507; x_wconf 76' lang='lat' dir='ltr'><strong>lutemes</strong></span> <span class='ocrx_word' id='word_1_113' title='bbox 187 1453 430 1521; x_wconf 85' lang='lat' dir='ltr'><strong>quadriremesque</strong></span> <span class='ocrx_word' id='word_1_114' title='bbox 445 1454 550 1519; x_wconf 88' lang='lat' dir='ltr'><strong>Tyriae</strong></span> <span class='ocrx_word' id='word_1_115' title='bbox 565 1456 754 1523; x_wconf 80' lang='lat' dir='ltr'><strong>etnegyptiae</strong></span> <span class='ocrx_word' id='word_1_116' title='bbox 769 1457 838 1508; x_wconf 89' lang='lat' dir='ltr'><strong>elas-</strong></span> 
     </span>
     <span class='ocr_line' id='line_1_18' title="bbox 14 1528 837 1597; baseline 0.002 -18"><span class='ocrx_word' id='word_1_117' title='bbox 14 1538 17 1555; x_wconf 71' lang='lat'><em>*</em></span> <span class='ocrx_word' id='word_1_118' title='bbox 60 1528 89 1579; x_wconf 90' lang='lat' dir='ltr'><strong>sls</strong></span> <span class='ocrx_word' id='word_1_119' title='bbox 105 1543 208 1597; x_wconf 84' lang='lat' dir='ltr'><strong>magno</strong></span> <span class='ocrx_word' id='word_1_120' title='bbox 229 1534 412 1596; x_wconf 79' lang='lat' dir='ltr'><strong>pugnatorum</strong></span> <span class='ocrx_word' id='word_1_121' title='bbox 433 1543 545 1579; x_wconf 79' lang='lat' dir='ltr'><strong>nunrero</strong></span> <span class='ocrx_word' id='word_1_122' title='bbox 570 1529 758 1581; x_wconf 83' lang='lat' dir='ltr'><strong>conflixerunt.</strong></span> <span class='ocrx_word' id='word_1_123' title='bbox 796 1529 837 1580; x_wconf 80' lang='lat' dir='ltr'><strong>Ad</strong></span> 
     </span>
     <span class='ocr_line' id='line_1_19' title="bbox 59 1600 838 1669; baseline -0.003 -13"><span class='ocrx_word' id='word_1_124' title='bbox 59 1617 117 1669; x_wconf 83' lang='lat' dir='ltr'><strong>quae</strong></span> <span class='ocrx_word' id='word_1_125' title='bbox 128 1604 224 1656; x_wconf 87' lang='lat' dir='ltr'><strong>omnia</strong></span> <span class='ocrx_word' id='word_1_126' title='bbox 234 1600 392 1668; x_wconf 86' lang='lat' dir='ltr'><strong>spectacula</strong></span> <span class='ocrx_word' id='word_1_127' title='bbox 401 1607 508 1652; x_wconf 88' lang='lat' dir='ltr'><strong>tantum</strong></span> <span class='ocrx_word' id='word_1_128' title='bbox 517 1602 638 1668; x_wconf 81' lang='lat' dir='ltr'><strong>rmdique</strong></span> <span class='ocrx_word' id='word_1_129' title='bbox 649 1604 782 1654; x_wconf 85' lang='lat' dir='ltr'><strong>oonlluxit</strong></span> <span class='ocrx_word' id='word_1_130' title='bbox 789 1603 838 1654; x_wconf 90' lang='lat' dir='ltr'><strong>bo-</strong></span> 
     </span>
     <span class='ocr_line' id='line_1_20' title="bbox 57 1675 839 1745; baseline -0.004 -15"><span class='ocrx_word' id='word_1_131' title='bbox 57 1679 161 1743; x_wconf 76' lang='lat' dir='ltr'><strong>ninum,</strong></span> <span class='ocrx_word' id='word_1_132' title='bbox 172 1683 207 1729; x_wconf 90' lang='lat' dir='ltr'><strong>ut</strong></span> <span class='ocrx_word' id='word_1_133' title='bbox 215 1677 341 1745; x_wconf 85' lang='lat' dir='ltr'><strong>plerique</strong></span> <span class='ocrx_word' id='word_1_134' title='bbox 352 1677 473 1728; x_wconf 79' lang='lat' dir='ltr'><strong>advenae</strong></span> <span class='ocrx_word' id='word_1_135' title='bbox 484 1683 534 1727; x_wconf 91' lang='lat' dir='ltr'><strong>aut</strong></span> <span class='ocrx_word' id='word_1_136' title='bbox 541 1676 614 1727; x_wconf 89' lang='lat' dir='ltr'><strong>inter</strong></span> <span class='ocrx_word' id='word_1_137' title='bbox 623 1675 700 1726; x_wconf 84' lang='lat' dir='ltr'><strong>vicos</strong></span> <span class='ocrx_word' id='word_1_138' title='bbox 711 1683 760 1727; x_wconf 73' lang='lat' dir='ltr'><strong>aaut</strong></span> <span class='ocrx_word' id='word_1_139' title='bbox 767 1677 839 1728; x_wconf 87' lang='lat' dir='ltr'><strong>inter</strong></span> 
     </span>
     <span class='ocr_line' id='line_1_21' title="bbox 57 1751 840 1818; baseline -0.001 -15"><span class='ocrx_word' id='word_1_140' title='bbox 57 1752 106 1805; x_wconf 83' lang='lat' dir='ltr'><strong>rlas</strong></span> <span class='ocrx_word' id='word_1_141' title='bbox 123 1751 316 1805; x_wconf 85' lang='lat' dir='ltr'><strong>tabernaculis</strong></span> <span class='ocrx_word' id='word_1_142' title='bbox 334 1752 434 1818; x_wconf 87' lang='lat' dir='ltr'><strong>positis</strong></span> <span class='ocrx_word' id='word_1_143' title='bbox 453 1756 606 1814; x_wconf 88' lang='lat' dir='ltr'><strong>manerent,</strong></span> <span class='ocrx_word' id='word_1_144' title='bbox 632 1765 665 1801; x_wconf 88' lang='lat' dir='ltr'><strong>ae</strong></span> <span class='ocrx_word' id='word_1_145' title='bbox 678 1764 761 1816; x_wconf 85' lang='lat' dir='ltr'><strong>saepe</strong></span> <span class='ocrx_word' id='word_1_146' title='bbox 773 1764 840 1817; x_wconf 85' lang='lat' dir='ltr'><strong>prae</strong></span> 
     </span>
     <span class='ocr_line' id='line_1_22' title="bbox 56 1823 889 1891; baseline -0.005 -11"><span class='ocrx_word' id='word_1_147' title='bbox 56 1829 126 1880; x_wconf 80' lang='lat' dir='ltr'><strong>turba</strong></span> <span class='ocrx_word' id='word_1_148' title='bbox 136 1827 204 1880; x_wconf 87' lang='lat' dir='ltr'><strong>elisi</strong></span> <span class='ocrx_word' id='word_1_149' title='bbox 213 1826 418 1891; x_wconf 84' lang='lat' dir='ltr'><strong>exanimatique</strong></span> <span class='ocrx_word' id='word_1_150' title='bbox 428 1824 485 1875; x_wconf 88' lang='lat' dir='ltr'><strong>sint</strong></span> <span class='ocrx_word' id='word_1_151' title='bbox 493 1824 618 1891; x_wconf 89' lang='lat' dir='ltr'><strong>plurimi,</strong></span> <span class='ocrx_word' id='word_1_152' title='bbox 640 1829 668 1877; x_wconf 86' lang='lat' dir='ltr'><strong>ct</strong></span> <span class='ocrx_word' id='word_1_153' title='bbox 681 1825 710 1876; x_wconf 90' lang='lat' dir='ltr'><strong>in</strong></span> <span class='ocrx_word' id='word_1_154' title='bbox 725 1823 768 1876; x_wconf 91' lang='lat' dir='ltr'><strong>his</strong></span> <span class='ocrx_word' id='word_1_155' title='bbox 783 1825 837 1877; x_wconf 89' lang='lat' dir='ltr'><strong>duo</strong></span> <span class='ocrx_word' id='word_1_156' title='bbox 888 1880 889 1884; x_wconf 46' lang='lat'><strong>,</strong></span> 
     </span>
     <span class='ocr_line' id='line_1_23' title="bbox 57 1908 198 1954; baseline 0 0"><span class='ocrx_word' id='word_1_157' title='bbox 57 1908 198 1954; x_wconf 82' lang='lat' dir='ltr'><strong>smatoras.</strong></span> 
     </span>
    </p>

    <p class='ocr_par' dir='ltr' id='par_1_3' title="bbox 53 1971 841 2789">
     <span class='ocr_line' id='line_1_24' title="bbox 100 1971 839 2043; baseline 0 -15"><span class='ocrx_word' id='word_1_158' title='bbox 100 1976 163 2029; x_wconf 82' lang='lat' dir='ltr'><strong>XL.</strong></span> <span class='ocrx_word' id='word_1_159' title='bbox 185 1975 342 2026; x_wconf 83' lang='lat' dir='ltr'><strong>Conversus</strong></span> <span class='ocrx_word' id='word_1_160' title='bbox 355 1971 420 2025; x_wconf 87' lang='lat' dir='ltr'><strong>hine</strong></span> <span class='ocrx_word' id='word_1_161' title='bbox 433 1974 469 2024; x_wconf 87' lang='lat' dir='ltr'><strong>ad</strong></span> <span class='ocrx_word' id='word_1_162' title='bbox 480 1975 662 2026; x_wconf 87' lang='lat' dir='ltr'><strong>ordinandum</strong></span> <span class='ocrx_word' id='word_1_163' title='bbox 672 1975 839 2043; x_wconf 86' lang='lat' dir='ltr'><strong>reipublicae</strong></span> 
     </span>
     <span class='ocr_line' id='line_1_25' title="bbox 55 2049 840 2118; baseline 0 -15"><span class='ocrx_word' id='word_1_164' title='bbox 55 2056 156 2116; x_wconf 77' lang='lat' dir='ltr'><strong>satum,</strong></span> <span class='ocrx_word' id='word_1_165' title='bbox 167 2049 259 2102; x_wconf 78' lang='lat' dir='ltr'><strong>lastm</strong></span> <span class='ocrx_word' id='word_1_166' title='bbox 270 2049 402 2112; x_wconf 85' lang='lat' dir='ltr'><strong>correxit,</strong></span> <span class='ocrx_word' id='word_1_167' title='bbox 417 2049 589 2116; x_wconf 85' lang='lat' dir='ltr'><strong>iampridem</strong></span> <span class='ocrx_word' id='word_1_168' title='bbox 599 2050 668 2102; x_wconf 84' lang='lat' dir='ltr'><strong>vitio</strong></span> <span class='ocrx_word' id='word_1_169' title='bbox 679 2051 840 2118; x_wconf 84' lang='lat' dir='ltr'><strong>pontificum</strong></span> 
     </span>
     <span class='ocr_line' id='line_1_26' title="bbox 55 2123 839 2192; baseline -0.001 -14"><span class='ocrx_word' id='word_1_170' title='bbox 55 2138 95 2191; x_wconf 80' lang='lat' dir='ltr'><strong>per</strong></span> <span class='ocrx_word' id='word_1_171' title='bbox 106 2123 296 2178; x_wconf 77' lang='lat' dir='ltr'><strong>intercalandi</strong></span> <span class='ocrx_word' id='word_1_172' title='bbox 311 2123 449 2174; x_wconf 88' lang='lat' dir='ltr'><strong>licentiam</strong></span> <span class='ocrx_word' id='word_1_173' title='bbox 465 2124 533 2175; x_wconf 86' lang='lat' dir='ltr'><strong>adeo</strong></span> <span class='ocrx_word' id='word_1_174' title='bbox 547 2125 687 2190; x_wconf 86' lang='lat' dir='ltr'><strong>turbatos,</strong></span> <span class='ocrx_word' id='word_1_175' title='bbox 707 2132 739 2177; x_wconf 89' lang='lat' dir='ltr'><strong>ut</strong></span> <span class='ocrx_word' id='word_1_176' title='bbox 752 2140 839 2192; x_wconf 85' lang='lat' dir='ltr'><strong>neque</strong></span> 
     </span>
     <span class='ocr_line' id='line_1_27' title="bbox 55 2198 837 2266; baseline -0.004 -13"><span class='ocrx_word' id='word_1_177' title='bbox 55 2202 177 2253; x_wconf 64' lang='lat' dir='ltr'><strong>mum</strong></span> <span class='ocrx_word' id='word_1_178' title='bbox 186 2198 276 2251; x_wconf 80' lang='lat' dir='ltr'><strong>leriae</strong></span> <span class='ocrx_word' id='word_1_179' title='bbox 287 2203 493 2266; x_wconf 62' lang='lat' dir='ltr'><strong>aestatemque</strong></span> <span class='ocrx_word' id='word_1_180' title='bbox 502 2198 700 2251; x_wconf 85' lang='lat' dir='ltr'><strong>vindemiarum</strong></span> <span class='ocrx_word' id='word_1_181' title='bbox 707 2207 837 2252; x_wconf 87' lang='lat' dir='ltr'><strong>autumno</strong></span> 
     </span>
     <span class='ocr_line' id='line_1_28' title="bbox 56 2273 839 2345; baseline -0.006 -17"><span class='ocrx_word' id='word_1_182' title='bbox 56 2280 243 2345; x_wconf 80' lang='lat' dir='ltr'><strong>competerent.</strong></span> <span class='ocrx_word' id='word_1_183' title='bbox 282 2273 442 2339; x_wconf 80' lang='lat' dir='ltr'><strong>Annumque</strong></span> <span class='ocrx_word' id='word_1_184' title='bbox 461 2273 497 2323; x_wconf 85' lang='lat' dir='ltr'><strong>ad</strong></span> <span class='ocrx_word' id='word_1_185' title='bbox 517 2289 626 2325; x_wconf 88' lang='lat' dir='ltr'><strong>cursum</strong></span> <span class='ocrx_word' id='word_1_186' title='bbox 645 2276 714 2327; x_wconf 91' lang='lat' dir='ltr'><strong>solis</strong></span> <span class='ocrx_word' id='word_1_187' title='bbox 733 2288 839 2325; x_wconf 87' lang='lat' dir='ltr'><strong>accom-</strong></span> 
     </span>
     <span class='ocr_line' id='line_1_29' title="bbox 54 2348 840 2418; baseline -0.004 -17"><span class='ocrx_word' id='word_1_188' title='bbox 54 2351 184 2413; x_wconf 80' lang='lat' dir='ltr'><strong>nodavit,</strong></span> <span class='ocrx_word' id='word_1_189' title='bbox 204 2353 238 2399; x_wconf 89' lang='lat' dir='ltr'><strong>ut</strong></span> <span class='ocrx_word' id='word_1_190' title='bbox 250 2352 434 2398; x_wconf 88' lang='lat' dir='ltr'><strong>trecentorum</strong></span> <span class='ocrx_word' id='word_1_191' title='bbox 448 2349 591 2415; x_wconf 82' lang='lat' dir='ltr'><strong>sexaginta</strong></span> <span class='ocrx_word' id='word_1_192' title='bbox 605 2350 724 2418; x_wconf 87' lang='lat' dir='ltr'><strong>quinque</strong></span> <span class='ocrx_word' id='word_1_193' title='bbox 734 2348 840 2399; x_wconf 87' lang='lat' dir='ltr'><strong>dierum</strong></span> 
     </span>
     <span class='ocr_line' id='line_1_30' title="bbox 55 2421 839 2491; baseline -0.005 -15"><span class='ocrx_word' id='word_1_194' title='bbox 55 2421 356 2491; x_wconf 59' lang='lat' dir='ltr'><strong>metetinterealario</strong></span> <span class='ocrx_word' id='word_1_195' title='bbox 367 2437 458 2473; x_wconf 87' lang='lat' dir='ltr'><strong>mense</strong></span> <span class='ocrx_word' id='word_1_196' title='bbox 468 2423 661 2487; x_wconf 86' lang='lat' dir='ltr'><strong>sublato,nnus</strong></span> <span class='ocrx_word' id='word_1_197' title='bbox 672 2423 730 2474; x_wconf 91' lang='lat' dir='ltr'><strong>dies</strong></span> <span class='ocrx_word' id='word_1_198' title='bbox 741 2428 839 2489; x_wconf 86' lang='lat' dir='ltr'><strong>quarto</strong></span> 
     </span>
     <span class='ocr_line' id='line_1_31' title="bbox 55 2495 838 2569; baseline -0.008 -17"><span class='ocrx_word' id='word_1_199' title='bbox 55 2512 156 2569; x_wconf 83' lang='lat' dir='ltr'><strong>quoque</strong></span> <span class='ocrx_word' id='word_1_200' title='bbox 171 2513 247 2550; x_wconf 90' lang='lat' dir='ltr'><strong>anno</strong></span> <span class='ocrx_word' id='word_1_201' title='bbox 261 2495 480 2548; x_wconf 83' lang='lat' dir='ltr'><strong>intercalaretur.</strong></span> <span class='ocrx_word' id='word_1_202' title='bbox 520 2497 581 2559; x_wconf 78' lang='lat' dir='ltr'><strong>Quo</strong></span> <span class='ocrx_word' id='word_1_203' title='bbox 597 2507 688 2549; x_wconf 86' lang='lat' dir='ltr'><strong>autem</strong></span> <span class='ocrx_word' id='word_1_204' title='bbox 701 2496 790 2562; x_wconf 85' lang='lat' dir='ltr'><strong>magis</strong></span> <span class='ocrx_word' id='word_1_205' title='bbox 808 2497 838 2546; x_wconf 90' lang='lat' dir='ltr'><strong>in</strong></span> 
     </span>
     <span class='ocr_line' id='line_1_32' title="bbox 54 2570 839 2639; baseline -0.005 -14"><span class='ocrx_word' id='word_1_206' title='bbox 54 2580 188 2639; x_wconf 76' lang='lat' dir='ltr'><strong>posterum</strong></span> <span class='ocrx_word' id='word_1_207' title='bbox 204 2586 239 2624; x_wconf 85' lang='lat' dir='ltr'><strong>ex</strong></span> <span class='ocrx_word' id='word_1_208' title='bbox 248 2570 383 2622; x_wconf 86' lang='lat' dir='ltr'><strong>Kalendis</strong></span> <span class='ocrx_word' id='word_1_209' title='bbox 390 2571 527 2622; x_wconf 86' lang='lat' dir='ltr'><strong>ianuariis</strong></span> <span class='ocrx_word' id='word_1_210' title='bbox 540 2573 620 2623; x_wconf 84' lang='lat' dir='ltr'><strong>novis</strong></span> <span class='ocrx_word' id='word_1_211' title='bbox 633 2578 785 2636; x_wconf 87' lang='lat' dir='ltr'><strong>temporum</strong></span> <span class='ocrx_word' id='word_1_212' title='bbox 795 2586 839 2621; x_wconf 89' lang='lat' dir='ltr'><strong>ra-</strong></span> 
     </span>
     <span class='ocr_line' id='line_1_33' title="bbox 53 2644 838 2717; baseline -0.009 -16"><span class='ocrx_word' id='word_1_213' title='bbox 53 2648 88 2701; x_wconf 86' lang='lat' dir='ltr'><strong>llo</strong></span> <span class='ocrx_word' id='word_1_214' title='bbox 110 2652 291 2717; x_wconf 83' lang='lat' dir='ltr'><strong>congrueret,</strong></span> <span class='ocrx_word' id='word_1_215' title='bbox 314 2644 387 2697; x_wconf 87' lang='lat' dir='ltr'><strong>inter</strong></span> <span class='ocrx_word' id='word_1_216' title='bbox 404 2645 586 2698; x_wconf 79' lang='lat' dir='ltr'><strong>Nouembrem</strong></span> <span class='ocrx_word' id='word_1_217' title='bbox 610 2660 644 2696; x_wconf 88' lang='lat' dir='ltr'><strong>ao</strong></span> <span class='ocrx_word' id='word_1_218' title='bbox 662 2644 838 2696; x_wconf 84' lang='lat' dir='ltr'><strong>Decembrem</strong></span> 
     </span>
     <span class='ocr_line' id='line_1_34' title="bbox 54 2718 841 2789; baseline -0.009 -14"><span class='ocrx_word' id='word_1_219' title='bbox 54 2720 399 2787; x_wconf 66' lang='lat' dir='ltr'><strong>memmterleoltduos</strong></span> <span class='ocrx_word' id='word_1_220' title='bbox 409 2719 494 2784; x_wconf 82' lang='lat' dir='ltr'><strong>alios3</strong></span> <span class='ocrx_word' id='word_1_221' title='bbox 512 2718 655 2789; x_wconf 85' lang='lat' dir='ltr'><strong>iuitquals</strong></span> <span class='ocrx_word' id='word_1_222' title='bbox 669 2732 774 2786; x_wconf 75' lang='lat' dir='ltr'><strong>annua,</strong></span> <span class='ocrx_word' id='word_1_223' title='bbox 784 2732 841 2787; x_wconf 83' lang='lat' dir='ltr'><strong>quo</strong></span> 
     </span>
    </p>
   </div>
   <div class='ocr_carea' id='block_1_3' title="bbox 0 0 916 3068">
    <p class='ocr_par' dir='ltr' id='par_1_4' title="bbox 0 0 916 3068">
     <span class='ocr_line' id='line_1_35' title="bbox 0 0 916 3068; baseline 0 3"><span class='ocrx_word' id='word_1_224' title='bbox 0 0 916 3068; x_wconf 95' lang='lat' dir='ltr'><strong> </strong></span> 
     </span>
    </p>
   </div>
  </div>
 </body>
</html>
