1874 3060
253 190 387 238 canas.
423 190 500 238 cnr.
518 193 601 255 με.
775 189 825 243 sto

88 313 124 365 11.
144 311 250 366 Neroni
260 306 351 363 Galba
361 313 505 377 successit,
524 313 602 365 nullo
616 313 705 380 gradu
720 316 827 366 contin-

44 404 100 456 gens
114 388 262 439 caesarum
282 386 405 463 domum:
429 386 477 438 sed
495 385 570 438 haud
588 387 671 440 dubie
685 389 826 441 nobilissi-

44 478 108 526 nus,
119 470 273 529 magnaque
283 467 310 511 et
320 464 410 511 vetere
419 462 563 528 prosapia,
573 468 605 512 ut
614 462 663 529 qui
672 467 825 514 statuarum

44 536 122 587 italis
141 543 311 602 pronepotem
335 550 364 585 se
390 533 422 597 Q.
445 533 535 586 Catuli
554 534 699 602 Capitolini
720 552 827 604 semper

44 609 206 678 ascripserim
225 609 376 677 imperator
389 621 455 661 vcro
471 610 553 661 etiam
569 616 684 661 stemma
702 611 732 661 in
753 612 825 662 atrio

44 684 222 752 proposuerit,
238 698 292 750 quo
307 687 448 749 paternam
464 684 596 751 originem
607 684 643 735 ad
653 683 757 750 lovem,
769 700 826 736 ma·

44 773 140 810 ernam
151 755 187 808 ad
196 754 352 823 Pasiphaen
361 756 466 809 Minois
475 773 588 810 uxorem
598 758 721 811 referret.

89 831 139 882 lll.
158 830 294 898 Imagines
308 836 335 882 et
348 830 440 897 elogia
453 832 574 883 universi
590 834 697 900 generis
712 834 826 900 exsequi

44 919 146 974 ‚ongum
162 911 217 957 est:
240 903 363 955 familiae
376 905 495 956 breviter
514 907 656 974 attingam.
697 908 752 969 Qui
770 908 826 976 pri-

44 995 95 1031 nus
113 979 300 1048 Sulpiciorum
320 993 470 1046 cognomen
485 977 591 1032 Galbae
609 981 686 1045 tulit,
708 997 757 1033 cur
777 988 825 1032 aut

44 1054 105 1107 ende
114 1053 240 1117 traxerit,
251 1053 408 1119 ambigitur.
446 1052 564 1114 Qrddam
574 1060 680 1123 putant,
692 1055 766 1122 quod
777 1070 826 1123 op-

44 1128 129 1196 pidum
139 1127 301 1195 Hispaniae,
311 1125 414 1178 frustra
425 1126 473 1178 diu
483 1135 679 1195 oppugnatum,
689 1129 769 1179 illitis
780 1129 826 1180 dc·

44 1219 106 1255 aum
117 1202 238 1269 galbano
249 1200 356 1252 facibus
365 1201 549 1254 succenderit:
570 1203 631 1267 ulii,
643 1203 717 1270 qrrod
726 1204 756 1253 in
767 1202 826 1253 diu·

44 1292 117 1329 uma
125 1275 278 1328 valitudine
287 1275 395 1342 galbeo,
406 1275 495 1340 idest,
507 1277 634 1328 remediis
645 1277 710 1328 lana
719 1277 826 1328 involu-

44 1353 82 1416 is,
103 1349 215 1402 assidue
233 1355 368 1405 uteretur:
391 1350 530 1414 nonnulli,
555 1351 631 1419 quod
649 1352 827 1419 praepinguis

44 1425 216 1488 hcritvisus,
237 1439 317 1491 quem
330 1423 438 1492 galbam
449 1421 647 1475 Gallivocant:
666 1425 826 1489 velcontra,

44 1498 110 1570 [uod
118 1504 177 1552 mm
187 1498 279 1563 exilis,
291 1512 373 1565 quam
383 1501 447 1548 sunt
457 1497 600 1560 animalia,
612 1499 722 1564 quaein
733 1514 825 1550 aescu-

44 1577 241 1636 isnascuntur,
262 1572 487 1640 appellanturque
495 1570 599 1639 galbae.
637 1569 784 1622 Familiam
793 1571 826 1621 il-

44 1647 164 1700 ustravit
176 1646 235 1698 Ser.
247 1644 337 1697 Galba
356 1644 522 1708 consularis,
542 1650 696 1711 temporum
714 1660 827 1696 sitorum

44 1721 288 1792 eloquentissimus:
308 1735 387 1786 quem
398 1718 519 1782 madunt,
528 1717 695 1786 Hispaniam
705 1732 739 1769 ex
749 1733 827 1786 prae-

44 1812 98 1849 ura
110 1795 290 1858 obtinentem,
304 1794 419 1860 triginta
429 1792 626 1844 Lusitanorum
636 1791 758 1843 millibus
768 1807 828 1859 per·

44 1871 103 1922 idia
122 1867 282 1932 trdbidmis,
301 1864 453 1919 Viriathini
473 1867 539 1919 belli
554 1881 665 1918 causam
679 1865 828 1917 exstitisse.

44 1945 103 1997 iius
122 1958 208 2010 nepos
228 1942 263 1994 ob
282 1941 421 2009 repulsam
441 1941 600 1993 consulatus
619 1939 742 1992 infensus
755 1939 828 1991 lulio

44 2017 161 2081 laesam,
184 2016 261 2069 cuius
271 2015 378 2082 legatus
387 2015 417 2066 in
428 2013 521 2067 Gallia
534 2015 638 2080 fuerat,
660 2014 830 2083 conspiravit

44 2109 97 2146 mn
112 2090 209 2143 Cassio
224 2096 252 2143 ct
265 2089 367 2141 Bruto:
390 2089 591 2158 propterquod
605 2089 692 2142 Pedia
706 2090 766 2158 lege
781 2089 829 2141 da·

44 2171 203 2221 natusest.
237 2164 278 2216 Ab
288 2162 341 2216 hoc
351 2170 415 2215 sunt
423 2164 597 2230 imperatoris
609 2162 714 2216 Galbae
725 2179 792 2216 avus
802 2169 830 2214 et

44 2248 122 2310 pater.
160 2240 233 2291 Avus
253 2238 356 2290 clarior
374 2237 480 2301 studio,
501 2237 749 2306 quamdignitate:
772 2251 829 2288 non
927 2277 929 2282 .

44 2316 107 2368 nim
117 2329 243 2384 egressus
252 2319 398 2383 praeturae
407 2311 531 2380 gradum,
541 2312 718 2380 multiplicem
729 2325 780 2361 nec
788 2311 830 2360 in-

44 2391 173 2444 undosam
183 2387 327 2440 historiam
338 2386 434 2439 edidit.
462 2385 545 2438 Pater
555 2385 701 2438 contuletu
710 2382 830 2446 iunctus,

44 2478 193 2535 pnanquam
202 2463 281 2514 brevi
291 2466 499 2529 corporeatque
514 2462 596 2512 etiam
612 2459 721 2526 gibber,
741 2457 830 2508 modi-

44 2555 139 2609 *aeque
147 2538 177 2589 in
188 2533 303 2589 dicendo
315 2534 469 2599 facultatis,
481 2550 579 2586 causas
588 2532 722 2584 industrie
733 2529 830 2582 actita-

44 2616 83 2667 dt.
121 2612 230 2665 Uxores
248 2608 347 2662 habuit
363 2608 525 2660 Mummiam
542 2604 702 2669 Achaicam,
722 2609 831 2671 neptem

44 2687 143 2754 intuli,
161 2690 376 2756 proneptemque
395 2681 430 2743 11,
439 2681 580 2747 Mummii,
600 2680 650 2751 qui
670 2676 831 2733 Corinthum
