1874 3060
290 178 403 229 NERO.
438 181 515 229 CAP.
533 183 633 229 7-11.
806 185 856 240 231

66 302 168 357 Divisis
182 301 286 372 populo
300 303 404 356 vlritim
419 303 614 374 quadringenis
632 295 763 374 nummis,
778 325 855 363 sena-

65 388 154 431 torum
164 378 339 432 nobilissimo
351 379 462 447 cuique,
473 380 522 432 sed
532 395 549 432 a
558 395 589 431 re
598 379 732 433 familiari
742 383 855 436 destitu·

65 463 102 520 to,
107 460 200 505 annua
210 452 327 518 salaria,
339 459 366 505 et
376 453 540 521 quibusdam
551 455 688 524 quingena
698 458 855 511 constitnit:

64 529 128 582 item
137 528 323 596 praetorianis
338 525 499 581 cohortibus
512 528 677 581 frumentum
687 536 855 584 menstruum

64 604 222 672 grandtum.
259 601 296 653 Et
310 618 393 670 quum
406 601 441 656 de
455 602 592 672 supplicio
607 603 750 656 cuiusdam
765 606 856 673 capite

66 677 198 741 damnati,
222 682 255 728 ut
273 692 307 730 ex
326 692 403 729 more
422 670 618 744 subscriberet,
642 679 854 732 admoneremus

66 752 152 818 Quem
161 753 258 814 sellem,
268 751 370 820 inquit,
382 750 482 804 nescire
491 750 595 804 literas!
633 751 733 806 Omnes
744 753 855 807 ordines

64 825 178 879 subinde
189 826 389 878 acmemoritsr
399 825 539 878 salutarit.
566 826 854 896 Agentisenatuigra·

63 902 131 968 tias,
152 901 314 969 respondit:
346 899 433 965 Quum
452 915 578 953 meruero.
626 901 669 953 Ad
689 909 854 971 campestres

63 975 274 1029 exercitationes
283 989 348 1027 suas
359 974 472 1026 admisit
481 980 508 1027 et
516 974 632 1044 plebem,
638 974 856 1046 declamavitque

63 1051 173 1120 saepius
182 1050 292 1118 publice
303 1067 310 1100 s
330 1050 458 1101 recitavit
467 1054 494 1101 et
504 1049 636 1114 carmina,
644 1066 701 1102 non
711 1052 795 1104 modo
806 1053 855 1104 dc·

62 1125 116 1190 mi,
128 1124 177 1176 sed
186 1124 253 1177 etin
262 1121 384 1189 theatro,
398 1130 478 1175 tanta
489 1123 679 1181 uniuersorum
690 1125 810 1191 laetitia,
824 1132 856 1178 ut

63 1199 100 1251 ob
114 1199 305 1252 recitationem
319 1197 485 1266 supplicatio
501 1198 610 1251 decreta
624 1199 673 1264 sit,
694 1205 777 1270 atque
790 1215 855 1269 pars

62 1273 213 1326 carminum
223 1273 314 1324 aureis
324 1271 413 1324 literis
422 1273 483 1324 lovi
494 1272 652 1341 Capitolino
663 1273 767 1326 dicata.

116 1347 165 1400 XI.
185 1346 412 1416 Spectaculorum
425 1346 544 1416 plurima
558 1354 586 1401 et
599 1349 678 1400 vario
686 1364 788 1416 genera
798 1349 854 1402 edi·

60 1421 116 1487 uit,
128 1421 285 1486 Iuvenales,
301 1422 456 1487 Circenses,
470 1423 594 1475 scenicos
609 1423 705 1487 ludos,
716 1424 854 1490 gladiato·

59 1497 132 1548 rium
145 1511 254 1549 munus.
292 1495 466 1549 Iuvenalibus
476 1511 554 1549 senes
565 1511 674 1565 quoque
685 1497 853 1563 consulares,

60 1585 184 1639 anusque
204 1576 345 1624 matronas
365 1571 469 1638 recepit
488 1570 525 1623 ad
539 1571 639 1622 lusum.
678 1571 853 1624 Circensibus

57 1644 124 1698 loca
142 1646 231 1714 equiti
248 1652 355 1698 secreta
373 1661 391 1696 a
412 1645 509 1697 ceteris
528 1645 642 1698 tribuit:
663 1645 853 1714 commisitque

58 1720 143 1772 etiam
158 1721 325 1773 camelorum
339 1714 497 1788 quadrigas.
539 1719 641 1783 Ludis,
657 1735 726 1788 quos
741 1735 792 1787 pro
808 1735 852 1772 ae·

58 1794 188 1847 tenuitate
198 1795 309 1863 imperii
318 1801 460 1863 susceptos
471 1794 607 1862 appellari
612 1790 745 1863 Masimqr
753 1794 852 1865 voluit,

57 1883 92 1921 cx
105 1874 224 1938 utroque
238 1869 336 1922 ordine
350 1875 377 1921 et
395 1884 463 1922 sexu
480 1869 605 1940 plerique
618 1868 740 1921 ludicras
759 1875 852 1938 partes

57 1943 256 1996 sustinuenmt
284 1943 452 1996 Notissimus
463 1961 546 2014 eques
554 1944 695 1997 Romanus
705 1942 851 2012 elephanto

57 2018 238 2086 supersedens
251 2034 301 2086 per
316 2019 505 2071 catadromum
525 2019 689 2072 dacucrurit.
736 2018 852 2071 Inducta

56 2098 100 2144 est
118 2097 146 2145 et
158 2091 267 2145 Afranii
284 2099 394 2162 togata,
416 2109 486 2161 quae
499 2091 653 2146 incendium
670 2094 850 2156 inscribitur3

56 2182 284 2237 concessumque,
299 2174 331 2219 ut
345 2168 447 2220 scenici
457 2166 578 2220 ardentis
588 2168 686 2222 domus
695 2168 850 2237 supellecti-

56 2239 110 2293 lem
121 2241 284 2310 diriperent,
300 2242 402 2295 ac'sibi
415 2239 555 2295 haberent.
593 2242 698 2312 Sparsa
708 2241 849 2310 etpopnlo

55 2315 176 2368 missilia
196 2317 317 2369 omnium
336 2327 427 2368 rerum
450 2332 499 2384 per
519 2331 612 2370 omnes
633 2317 710 2387 dies3
739 2314 849 2382 singula

54 2389 183 2458 quotidie
201 2391 291 2443 millia
310 2391 401 2444 arium
422 2392 553 2460 cuiusque
565 2391 686 2459 generis,
706 2388 849 2458 multiplex

56 2479 157 2533 penus,
171 2471 292 2518 tesserae
301 2464 509 2530 frumentariae,
520 2467 617 2530 vestis,
632 2480 742 2529 aurmn,
753 2477 849 2530 argen-

54 2544 129 2604 tum,
137 2555 270 2607 gemmae,
280 2541 455 2612 margaritae,
465 2540 578 2593 tabulae
587 2541 690 2608 pl'ctae,
701 2537 848 2606 mancipia,

53 2612 191 2680 lumenta,
206 2621 288 2683 atque
308 2616 391 2668 etiam
409 2621 568 2669 mansuetae
587 2613 684 2679 feruet
700 2613 850 2667 novissime

54 2689 365 2760 nares,insulae,ugri.
615 2689 616 2693 ’
