1822 3068
137 215 187 268 224
414 219 441 264 c.
468 217 653 265 sussronn

136 341 241 410 pultine
262 336 371 406 addito,
392 338 568 409 quum'velut
587 339 752 394 exhaustum
770 341 903 394 reddidit

137 415 903 560 ilitiotliitttlfflttdlt

136 567 248 618 nircmr.

191 638 277 691 XLV.
297 639 375 689 Mors
386 639 445 689 eins
455 638 545 690 celata
554 644 608 703 est,
629 639 718 691 donec
733 640 808 692 eirca
820 653 899 692 moues·

136 728 225 767 sorem
236 714 329 765 omnio
340 713 540 764 ordinarentur.
577 713 674 780 ltaque
688 719 717 766 et
731 714 862 782 quesipro
870 727 899 764 se·

135 804 186 856 gro
197 785 286 839 adhuc
294 793 361 838 vota
371 793 498 853 suscepta
507 793 583 851 sunt,
605 794 632 838 et
640 787 747 840 inducti
756 804 805 855 per
814 787 898 840 sindo

135 865 236 914 tionem
248 860 383 924 comoedi,
395 861 444 928 qui
452 861 527 912 velut
536 861 737 914 desiderantem
747 861 898 914 oblectem

133 936 260 988 Excessit
268 936 351 987 tertio
362 935 426 986 ldus
432 935 568 1000 Octobris,
578 935 675 987 Asinio
680 936 822 1001 Marcello,
831 934 897 987 nolo

134 1011 233 1062 Aviola
243 1010 415 1074 consulibus,
427 1015 525 1079 quarto
536 1016 565 1061 et
573 1011 745 1078 sexagesimo
758 1011 858 1075 aetatis,
865 1010 898 1061 i*

134 1085 205 1153 perii
224 1084 430 1154 quartodecimo
452 1099 533 1135 enno.
570 1084 725 1136 Funeratus
744 1090 787 1137 est
798 1079 899 1137 sols-d

133 1160 286 1227 principum
306 1174 420 1226 pompe,
441 1164 468 1210 et
485 1160 514 1209 in
529 1174 670 1210 nnmerum
684 1158 797 1211 deornm
810 1160 897 1212 relew·

135 1234 221 1295 Quem
236 1231 379 1297 honorem,
402 1249 419 1284 u
428 1232 537 1284 Nerone
552 1233 712 1284 destitutum
726 1234 897 1301 sbontunqc,

132 1307 236 1375 recepit
245 1322 309 1359 mox
320 1322 369 1374 per
377 1305 585 1374 Vespasianum

187 1380 287 1432 XLVI.
307 1381 457 1449 Praesagia
466 1382 565 1432 mortus
574 1396 635 1432 erus
644 1381 897 1449 praecipuarum,

132 1461 245 1508 exortus
260 1456 375 1509 crinitus
388 1457 496 1519 stellae,
517 1470 599 1522 quum
613 1463 737 1508 cometen
751 1462 857 1520 roceum
869 1458 899 1505 ts·

133 1537 259 1599 utumque
279 1531 314 1583 de
333 1531 412 1583 coelo
436 1536 639 1582 monumentum
657 1528 745 1582 Drusi
766 1492 899 1599 pstru¹3e

133 1606 208 1674 quod
222 1605 318 1658 eodem
332 1621 404 1657 enno
419 1619 453 1656 ex
468 1605 588 1656 omnium
602 1604 811 1672 magistratuum
823 1613 898 1673 gem

132 1681 256 1750 plerique
268 1687 382 1732 mortem
399 1680 532 1732 obierunt.
571 1677 626 1730 Sed
638 1694 689 1731 nec
702 1679 764 1746 ipse
779 1681 898 1748 ignom

133 1761 182 1807 eut
191 1755 379 1806 dissimulasse
392 1754 492 1805 ultime
503 1753 578 1804 ritae
591 1768 657 1805 suec
670 1759 797 1822 tempore
804 1753 897 1811 tidem

133 1830 241 1896 aliquot
250 1829 359 1897 quidem
371 1828 546 1895 argumentis
584 1826 656 1878 Nom
665 1833 693 1879 et
703 1843 786 1895 quum
795 1824 897 1881 conde

133 1903 302 1970 designaret,
317 1903 449 1953 neminem
460 1902 533 1952 ultre
542 1916 674 1966 mensem
691 1917 746 1970 quo
758 1903 837 1967 obiit
846 1896 897 1953 deff

132 1977 239 2044 guerit,
251 1976 317 2027 etin
328 1982 437 2040 senatu
449 1991 494 2026 cur
504 1976 797 2042 nomssrmeinteriuut
806 1975 896 2029 mult!

134 2050 170 2101 ed
189 2049 366 2101 concordium
380 2050 482 2101 liberos
502 2066 567 2101 suos
588 2047 761 2116 cohortatus,
780 2052 897 2115 uulnus

133 2130 250 2176 aetutem
270 2125 431 2192 suppliciter
449 2125 573 2192 putribus
593 2125 801 2178 commendavit.
835 2119 897 2175 nb

132 2200 230 2251 ultime
241 2200 397 2268 cognitione
406 2215 457 2268 pro
467 2199 608 2263 tribunali,
618 2199 756 2251 accessisse
763 2215 790 2251 se
798 2196 896 2268 adfini!

132 2274 315 2338 mortalitatis,
341 2289 496 2342 quanquam
520 2274 742 2326 abominantibus
762 2274 809 2344 qul
825 2267 894 2324 udit-

131 2349 207 2416 bant,
218 2349 302 2403 semel
312 2355 393 2418 atque
402 2350 500 2401 iterum
510 2349 712 2417 pronunciarit.

406 2537 643 2598 «spe,-
