1822 3068
166 176 218 233 stt
442 180 470 226 c.
495 176 688 228 sunnonis

168 319 250 372 qoem
260 303 407 367 cursitare,
428 317 462 354 ae
473 316 508 353 ne
518 301 607 353 subiti
616 300 727 368 quidem
736 306 828 354 mens'o

166 377 254 446 gradi,
266 376 413 444 proverbio
425 374 533 428 Graeco
543 381 670 427 notatum
680 381 730 427 est.

221 450 351 504 XXXIX.
371 450 426 504 Sed
436 450 551 503 orbatus
560 456 678 516 utroque
688 449 757 513 lilio,
770 464 827 517 quo

164 526 289 578 meulent
298 525 329 577 in
339 524 435 592 Syria,
450 523 559 576 Drusus
568 523 673 575 Romae
683 524 805 589 obierat,

166 599 334 667 Campaniae
343 598 437 665 petiit;
457 598 597 651 constanti
610 603 638 650 et
652 597 786 663 opinione
800 605 829 650 et

163 689 251 742 paene
270 674 405 736 omnium,
426 673 507 739 quasi
520 687 609 738 neque
627 671 766 723 reditrnus
779 688 828 738 uns

164 748 221 803 cito
240 753 358 800 mortem
376 747 461 799 etiam
481 746 622 798 obiturus:
651 746 726 812 quod
750 747 828 812 pauli

162 821 418 888 utrumqneerenit.
438 818 510 873 Nem
518 819 728 887 nequeRemam
738 821 828 887 ampli·

162 903 192 949 et
203 911 308 963 paucos
322 900 386 961 post
399 894 459 946 dies
471 895 551 946 iuxta
565 894 745 946 Terracinam
758 895 790 946 in
809 911 828 962 p

163 971 210 1023 mii
219 969 371 1036 Speluncae
380 973 563 1032 amorerat,
578 967 742 1020 incoenante
753 985 802 1034 eo,
818 986 828 1021 ι

162 1044 323 1113 stiogentia
332 1057 401 1095 saxa
410 1042 527 1095 fortuito
543 1056 659 1109 superne
670 1042 785 1110 delapsa
795 1058 828 1095 sn

161 1120 252 1187 tisqns
273 1118 450 1181 murinarum
473 1123 501 1168 et
522 1117 712 1169 minmtrorum
735 1117 828 1184 elisis,

162 1209 238 1261 spem
248 1193 344 1246 evasit.

216 1265 278 1319 xu.
297 1265 449 1334 Peragrata
458 1266 619 1332 Campania,
631 1282 714 1333 quum
725 1266 828 1334 Capuan

160 1341 238 1406 liuor,
249 1339 339 1393 Nolae
347 1340 478 1408 templum
488 1341 618 1408 Augusti,
635 1343 730 1408 (quam
745 1356 828 1394 eausa

162 1415 264 1469 otionis
273 1416 499 1482 praetenderat,)
510 1415 678 1480 dedicasset,
691 1415 828 1481 Caprensi

160 1490 209 1556 lit,
224 1490 372 1558 praecipue
383 1489 534 1542 delectatus
544 1488 649 1554 maula,
666 1489 740 1556 quod
750 1505 828 1557 uno}

160 1564 245 1617 litora
255 1564 390 1629 adiretur,
411 1570 490 1630 septa
502 1563 624 1630 undique
638 1565 796 1631 praeruptis
809 1564 828 1615 ir

162 1639 318 1691 altitudinis
332 1639 460 1706 rupibus,
481 1645 509 1690 et
522 1637 660 1705 profundo
671 1638 766 1690 maris.
805 1637 828 1690 sa

160 1719 307 1766 revoeunte
323 1713 436 1765 assidue
451 1713 636 1765 obtestatione
651 1712 755 1780 populo
771 1727 828 1779 pro]

162 1787 237 1852 dem,
258 1802 313 1854 qna
328 1787 402 1856 apud
416 1787 536 1839 Fidenas
551 1802 635 1854 snpra
647 1785 702 1838 XX
714 1785 828 1839 honrinu

160 1861 330 1929 gladiatorio
354 1877 464 1913 munere
489 1858 684 1928 amphitheatri
704 1862 787 1913 ruina
811 1877 829 1929 p

160 1935 311 1987 transiitin
323 1937 518 2000 continentem,
539 1940 757 2003 potestatemque
773 1951 828 1987 omr

161 2008 246 2061 eundi
255 2010 300 2060 sul
308 2008 386 2061 fecit:
397 2016 474 2061 tanto
485 2010 583 2077 magis,
594 2009 669 2076 quod
679 2009 715 2060 ab
720 2010 795 2061 Urbe
805 2026 828 2077 ep

160 2097 195 2135 ne
205 2083 267 2149 qrris
277 2099 307 2135 se
316 2083 517 2152 interpellaret,
533 2084 670 2148 edixerat,
686 2099 719 2135 ae
728 2090 790 2136 toto
800 2084 828 2136 it

161 2163 256 2210 euntes
266 2165 459 2210 summoverat.

216 2232 291 2285 XLl.
309 2232 461 2301 Regressus
474 2233 504 2283 in
514 2232 646 2297 insulam,
666 2233 828 2300 reipublicae

162 2323 256 2359 curam
269 2307 441 2374 usqueadeo
462 2308 576 2371 abiecit,
596 2313 628 2357 ut
637 2313 735 2373 postea
754 2324 812 2360 non

161 2383 284 2448 equiturn
302 2397 425 2448 unquam
444 2381 592 2448 supplerit3
615 2396 672 2433 non
691 2381 821 2434 tribunos

160 2455 378 2522 praefectosque,
384 2471 441 2508 non
450 2455 655 2522 provinciarum
665 2456 828 2523 praesidesr

160 2531 274 2593 tenerit}
294 2530 460 2596 Hispaniam
470 2529 612 2597 etSyriam
623 2545 672 2597 per
682 2531 792 2596 aliquot
801 2547 828 2582 ar

161 2604 354 2656 consularibus
367 2604 467 2672 legatis
481 2602 621 2666 habuerit;
640 2605 798 2657 Armeniam
818 2622 828 2656 a

86 2723 89 2728 .
160 2678 304 2744 pompari,
324 2678 585 2733 MoesismaDaeis
596 2677 798 2746 semotisque,
819 2680 828 2730 t
