1822 3068
180 212 382 261 CLAUDIUS.
418 214 496 261 ΟΜ).
514 216 628 261 st—ss.
750 215 800 267 223

14 339 139 391 rendriae
148 336 248 390 Museo
263 336 380 389 alteram
393 336 517 389 additum
532 352 565 388 ex
579 337 799 403 ipsiusnomme3

11 412 228 480 neumamque,
248 417 280 463 ut
294 412 442 479 quotannis
455 412 485 463 in
494 411 582 463 altero
595 409 758 479 Τιιῤῥηνικῶν
766 417 799 467 li.

14 486 61 551 bri,
73 488 104 539 in
113 486 204 539 altero
212 484 429 552 Καρχηδυνικόν,
445 486 542 538 dicbus
551 487 676 551 statutis,
686 488 762 541 reiut
770 491 800 543 iu

12 562 156 625 auditorio,
165 562 347 613 recitarentur
356 561 410 612 toti
420 576 437 611 a
447 560 563 628 singulis
573 577 621 628 per
631 561 714 613 meos.

60 635 160 687 XLIII.
181 635 239 687 Sub
249 636 325 687 exitu
338 636 412 687 ritae
426 636 505 702 signa
520 636 668 702 quaedam,
688 651 739 687 uec
749 639 796 689 ob-

10 725 97 775 seura,
117 710 285 778 poenitentis
299 709 333 762 da
347 710 523 761 matrimonio
534 710 700 777 Agrippinae
710 711 798 778 deque

9 782 122 837 Nuanis
142 784 293 853 adoptione
312 783 434 836 dederat.
473 783 613 850 Siquidem
633 801 797 838 commemo·

10 860 129 911 natibus
142 859 265 921 libertis,
284 873 319 909 ac
331 858 509 909 laudantibus
523 860 721 926 coguitionem,
742 876 798 927 qna

10 932 242 1001 peraequandum
252 932 382 985 adulterii
395 946 470 983 ream
486 932 725 998 condemnaverat,
747 935 798 987 eidi

11 1024 106 1076 qusque
114 1006 222 1079 issatis
231 1022 292 1071 aas,
302 1007 426 1070 iactavit,
438 1006 526 1057 omnia
536 1006 679 1073 impudica,
691 1010 736 1060 sed
745 1028 797 1062 soa

10 1080 135 1151 &fuito
147 1080 326 1134 mhissosiae.
363 1081 400 1131 Et
413 1081 529 1132 subinde
543 1081 653 1133 obvium
668 1084 723 1133 sibi
735 1084 797 1135 Bri-

10 1158 143 1209 tsnuicum
155 1158 242 1209 artius
252 1155 418 1223 compienne,
429 1153 555 1206 hortatus
565 1162 651 1219 estut
660 1168 797 1221 cresceret,

10 1230 185 1299 tribumque
195 1247 212 1283 a
222 1247 249 1282 se
258 1229 515 1301 ommsursactorum
525 1230 668 1297 acceperet,
690 1230 798 1283 Graeca

10 1303 115 1375 insuper
124 1322 192 1358 voce
202 1311 371 1374 prosecutus,
383 1299 397 1353 ὁ
407 1299 506 1371 τρώσας
517 1302 560 1351 καὶ
569 1300 678 1357 ἰάσεται.
696 1308 797 1367 Quum·

11 1382 173 1449 qneimpubi
181 1387 330 1447 macroque
340 1378 437 1443 adhuc,
449 1379 560 1446 quaudo
569 1385 676 1431 statura
685 1382 795 1446 permit-

10 1458 82 1521 teret,
91 1462 185 1523 togam
197 1455 264 1506 dare
273 1454 450 1517 destinasset,
461 1453 574 1503 adiecit:
595 1462 627 1503 ut
636 1454 795 1521 taudempo-

10 1530 80 1593 μὶυ
88 1528 223 1581 hunus
231 1544 320 1580 serum
331 1527 470 1580 biremem
480 1526 584 1577 habeat.

61 1602 160 1657 xnlv.
178 1603 242 1656 Non
261 1603 402 1669 multoque
421 1607 486 1667 post
503 1606 695 1651 testamentum
711 1602 796 1651 otiam

15 1680 182 1746 aucupant,
203 1693 237 1729 ac
251 1678 338 1745 signia
356 1677 477 1728 oninium
491 1675 699 1741 magistratuum
722 1675 795 1725 obei-
899 1688 903 1695 ·

14 1754 107 1819 fluvit.
117 1752 198 1805 Prius
207 1752 302 1820 igitur,
313 1767 395 1819 quam
404 1751 479 1802 ultra
488 1748 706 1817 progrederetm,
717 1765 795 1816 prac-

15 1834 100 1879 ruam
118 1834 161 1881 est
179 1828 215 1879 ab
229 1827 392 1895 AgrippIna,
412 1841 493 1892 quam
508 1829 616 1893 praeter
630 1820 710 1887 haec,
732 1839 795 1877 con-

15 1901 120 1955 stitutis
128 1918 250 1972 quoque,
270 1917 322 1952 nec
334 1901 424 1951 misius
438 1899 576 1952 delatores
585 1898 732 1951 nuritorum
743 1899 795 1951 csi-

16 1974 105 2029 ltuum
116 1978 275 2045 arguebant.
313 1974 351 2026 Et
363 1990 466 2026 veneno
478 1973 587 2042 quidem
599 1974 720 2025 occisum
731 1990 795 2027 con-

16 2052 91 2115 vnit3
108 2052 155 2104 ubi
168 2057 259 2102 autem
270 2056 298 2101 et
306 2065 355 2117 per
366 2065 444 2115 quem
455 2049 531 2112 dato,
541 2049 688 2115 discrepat.
728 2050 794 2111 Qui-

18 2120 69 2177 dan
77 2126 201 2190 tradunt,
215 2124 339 2193 epulanti
347 2125 377 2173 in
387 2139 450 2174 arce
461 2139 520 2175 cum
531 2124 733 2187 sacerdotibus,
745 2139 794 2190 per

17 2194 134 2255 Motum
143 2200 304 2269 spadonem,
313 2203 561 2265 praegustatorem:
571 2198 630 2261 alii,
641 2199 793 2249 domestico

19 2276 142 2342 mauvia,
156 2291 208 2344 per
216 2275 305 2342 ipsam
315 2272 505 2340 Agrippinam,
526 2288 596 2340 quae
606 2271 727 2323 boletum
738 2286 792 2321 me·

20 2342 122 2401 dietum
134 2350 294 2402 avidissimo
306 2348 431 2399 ciborum
439 2346 536 2399 talium
543 2346 688 2398 obtulerat.
699 2344 793 2393 Etiam

21 2416 48 2470 dt
58 2424 280 2493 subsequentibus
296 2423 404 2474 diversa
415 2420 491 2471 faura
504 2427 554 2472 est.
592 2420 675 2469 Multi
688 2417 791 2479 statim,

20 2486 101 2551 batuto
120 2515 238 2562 veneno,
261 2496 428 2549 obmutuisse
442 2497 532 2559 aiunt,
553 2494 792 2558 excruciatumque

20 2563 144 2625 doloribus
154 2580 236 2625 nocte
246 2578 319 2637 tota,
340 2570 472 2623 defecisse
485 2584 571 2636 prope
582 2567 678 2617 lucem.
717 2564 792 2615 Nou.

18 2642 74 2703 ann
84 2648 154 2701 inter
167 2648 250 2700 initia
265 2647 450 2713 consopitum,
470 2643 567 2695 deinde
588 2642 649 2692 cibo
666 2639 791 2691 affluente

19 2725 152 2778 “inslsae
174 2723 281 2787 omnia,
301 2721 500 2791 repetitumque
519 2715 628 2781 toxico,
648 2715 789 2779 incertum,
