1874 3060
115 184 166 237 292
394 188 422 231 G.
445 185 635 234 SUETONll

116 310 234 373 ratione,
239 324 272 360 ac
281 309 337 359 iarn
346 323 468 376 vespere,
479 309 571 360 subito
583 307 747 360 amilitibus
757 324 773 361 c
783 308 908 362 cubiudo'

116 389 226 450 raptus,
237 383 278 433 lta
287 388 319 433 nt
328 388 400 447 erat,
410 383 440 432 in
450 388 525 434 veste
535 383 696 446 domestica,
706 382 862 451 imperator
870 390 909 436 est

116 456 319 508 consalutatus:
330 456 560 525 circumlatusque
570 457 905 522 perceleberrimosvicos,

114 531 240 582 strictum
255 531 312 581 diri
324 530 389 581 Iulii
402 530 526 598 gladium
538 536 645 595 tenens,
665 529 821 582 detractum
836 531 905 583 delu-

114 606 166 656 bro
178 604 292 668 Martis,
309 610 390 672 atque
405 605 433 654 in
448 605 538 672 prima
551 605 737 672 gratulatione
751 611 905 672 porrectum

114 679 170 730 sibl
179 693 196 728 a
207 678 326 746 quodam
338 696 344 729 ι
364 694 414 729 nec
425 684 487 730 ante
496 678 526 729 in
539 678 708 745 praetorium
718 679 815 744 rediit,
828 694 904 747 quani

113 752 247 820 flagrante
265 752 387 803 triclinio
408 767 442 803 ex
462 759 597 818 conceptu
611 753 729 815 camini;
751 768 836 820 quum
851 754 904 824 qui-

113 826 193 890 dem,
215 826 396 877 consternatis
420 832 448 877 et
468 827 548 895 quasi
568 827 659 879 carine
678 826 796 879 adverso
818 828 903 881 ansus

114 900 253 964 omnibus,
263 897 352 962 Bono,
363 900 464 969 inquit,
476 899 564 952 aniano
579 908 660 952 estote
669 916 683 963 ,⁸
702 900 778 952 nodis
791 900 902 965 sumt,-

112 972 189 1024 nullo
200 988 325 1025 sermone
336 974 392 1026 alio
404 975 477 1041 apud
488 975 589 1027 milites
598 990 673 1026 usus.
713 974 902 1028 Consentimte

112 1047 211 1100 deinde
234 1048 317 1100 etlam
341 1049 491 1114 superioris
514 1048 674 1114 provinciae
698 1050 842 1114 exercitu,
861 1049 902 1119 qul

111 1122 188 1188 prius
200 1137 217 1173 a
228 1120 319 1173 Galba
333 1122 369 1172 ad
383 1128 505 1173 senatum
518 1121 663 1187 defecerat,
675 1137 830 1191 cognomen
841 1122 900 1175 Gar·

110 1195 221 1260 manici,
234 1195 354 1247 delatum
365 1196 400 1247 ab
410 1196 555 1261 universis,
566 1196 664 1265 cupide
673 1198 799 1264 recepit3
818 1197 901 1266 Augu·

110 1269 148 1321 sti
158 1269 284 1332 distulit3
305 1269 432 1321 Caesaris
441 1271 471 1320 ln
481 1276 642 1338 perpetuum
651 1271 801 1323 recusavit.

166 1343 214 1394 lx.
234 1343 274 1394 lle
287 1343 402 1394 subinde
417 1344 501 1397 caede
516 1343 622 1396 Galbae
637 1345 820 1410 annunciata,
834 1360 899 1398 com·

110 1416 211 1485 positis
226 1415 397 1469 Germanicis
412 1418 506 1482 rebus,
521 1418 640 1486 partitus
655 1424 697 1471 est
712 1419 825 1485 copias,
839 1432 899 1486 quas

111 1491 242 1542 adversus
258 1489 392 1543 Othonem
407 1493 607 1559 praemitteret,
629 1508 753 1562 quasque
771 1493 898 1560 ipseper·

110 1565 231 1617 duceret.
269 1564 425 1617 Praemisso
447 1567 566 1634 agmine,
587 1567 689 1618 laetum
709 1567 803 1619 evamt
816 1566 899 1634 auspi·

110 1640 183 1690 cium
195 1656 202 1690 t
222 1639 358 1708 siquidem
369 1645 473 1707 aparte
484 1641 581 1692 dextra
594 1645 705 1708 repente
715 1640 813 1709 aquila
822 1640 899 1692 adto-

108 1713 186 1777 lavit,
197 1712 375 1782 lustratisque
385 1714 707 1782 signis,ingressosvia1n
718 1715 821 1767 sensim
832 1720 899 1767 auh·

111 1787 212 1849 cessit;
233 1794 262 1839 at
276 1794 372 1839 contra
385 1788 447 1855 ipso
463 1794 601 1853 movente,
622 1793 732 1840 statuae
751 1795 898 1857 equestres,

111 1856 194 1928 quum
204 1860 378 1928 plurifariam
389 1863 416 1913 ei
425 1869 602 1930 ponerentur,
613 1861 711 1919 fractis
724 1869 838 1931 repente
846 1876 899 1915 cra·

108 1935 186 1985 ribus
196 1936 300 2002 pariter
311 1942 490 1999 corrueruut;
510 1942 538 1988 et
547 1937 650 2000 laurea,
662 1951 745 2006 quam
754 1936 898 2005 religiosis·

110 2009 179 2059 sime
194 2008 422 2073 circumdederat,
441 2011 470 2060 in
490 2011 670 2078 profluentem
686 2010 802 2063 excidit.
819 2010 898 2063 —hlax

111 2080 234 2133 Viennae
247 2097 298 2148 pro
308 2083 442 2134 tribunali
456 2085 518 2137 iura
531 2085 669 2150 reddenti,
680 2084 851 2152 gallinaceus
859 2098 897 2135 sa·

109 2171 161 2222 pra
176 2153 330 2220 humerum,
350 2173 383 2208 ac
397 2157 496 2210 deinde
510 2158 540 2209 in
555 2159 645 2225 capite
660 2158 759 2211 astitit.
800 2158 896 2220 Quibus

110 2229 227 2281 ostentis
237 2245 289 2297 par
298 2231 442 2299 respondit
451 2233 540 2284 enims
551 2250 558 2283 z
578 2248 642 2284 nam
653 2233 843 2285 confirmatum
854 2244 896 2299 par

108 2304 216 2372 legatos
227 2319 292 2356 suos
302 2305 446 2372 imperium
457 2322 506 2374 per
515 2322 545 2358 se
554 2307 672 2359 retinere
681 2322 739 2358 non
748 2307 847 2374 potnit.

164 2379 200 2430 X.
230 2377 272 2430 De
294 2379 466 2432 Betriacensi
488 2381 607 2432 victoria
630 2386 658 2432 et
678 2379 797 2433 Othonis
815 2380 893 2441 aiu,

110 2469 193 2520 quum
204 2451 294 2505 adhuc
302 2453 332 2504 in
344 2452 438 2505 Gallia
448 2461 527 2519 esset,
540 2455 640 2506 audiit:
660 2452 786 2523 nihilque
796 2458 892 2506 cunm·

107 2537 161 2591 tus,
174 2527 305 2596 quicquid
315 2529 553 2593 praetorianarum
566 2527 723 2580 cohortium
731 2528 795 2593 fnit,
804 2534 891 2593 utptt

108 2602 172 2652 simi
183 2601 314 2669 exenrpli‚
331 2618 386 2653 uno
398 2604 588 2655 exauctoravit
598 2603 704 2668 edicto,
717 2604 810 2655 iussas
817 2600 890 2653 tribu·

97 2676 144 2726 nis
165 2676 279 2731 tradere
300 2691 387 2731 arma.
440 2678 554 2730 Centum
578 2683 671 2730 anum
690 2682 775 2745 atque
792 2670 888 2745 urat,
