1874 3060
68 194 119 247 Μ
344 194 371 239 C.
399 191 589 241 SUETONH

69 316 191 370 hominis
202 316 334 368 cervicem
343 315 430 367 inseri
439 313 546 381 meae,
562 330 662 384 corpus
676 315 763 383 virgis
775 314 813 366 ad
821 329 855 367 ae

71 408 130 445 cem
141 390 234 453 caadi3
255 391 433 454 conterritus,
449 390 520 442 duos
530 391 676 458 pugiones,
692 405 763 458 quos
773 403 855 441 semu

68 466 184 530 tulerat,
205 465 334 531 arripuit,
354 470 514 532 tentataque
526 465 669 532 utriusque
689 464 750 515 acie
768 478 855 515 rursm

70 540 207 604 condidit,
228 544 370 602 causatus,
390 539 504 590 noudum
522 539 611 591 adesse
623 538 741 609 fatalem
760 535 855 589 hom

69 616 109 667 Aa
118 614 201 666 modo
213 612 331 680 Sporum
342 611 518 678 hortabatur,
538 619 570 664 ut
581 612 729 664 lamentari
743 627 778 663 aa
786 611 855 680 plan

70 704 134 756 gera
143 688 288 753 inciperem
308 687 392 738 modo
404 687 516 751 orabat,
535 693 567 738 ut
580 703 609 738 se
624 687 726 754 aliquis
742 685 780 737 ad
794 700 855 738 mar«

69 769 125 814 tem
140 760 335 830 capessendam
350 760 474 829 exemplo
489 762 608 823 iuvaret3
627 760 766 813 interdum
776 759 855 828 segni

69 838 137 888 tiens
146 833 379 887 suamhisverbis
388 835 562 903 increpabat:
587 833 652 887 Vino
667 833 855 906 deformiter&

72 909 199 977 turpiter:
217 903 248 956 οὐ
263 906 358 975 πρέπει
368 907 484 975 Νέρωνι,
504 905 535 957 οὐ
550 907 657 976 πρέπει·
678 905 772 973 νήφειν
785 904 855 958 aare

72 986 127 1040 τοῖς
136 979 280 1038 τοιούτοις·
294 978 349 1046 ἄγε,
359 983 438 1050 ἔγειρε
448 979 565 1032 σεαυτόν.
578 983 691 1050 lamque
701 983 811 1050 equim
820 994 853 1048 tp

71 1059 308 1126 propinquabant,
330 1058 429 1124 quibus
442 1064 619 1125 praeoeptum
632 1062 705 1122 erat,
725 1063 757 1109 ut
775 1057 855 1108 vivan

72 1148 133 1183 eum
145 1130 321 1184 attraherent.
338 1132 420 1193 Quod
428 1137 461 1182 ut
469 1130 563 1196 sensit,
572 1131 743 1199 trepidanter
753 1129 852 1183 effatus

123 1199 227 1256 “lunam
235 1201 260 1264 μ’
272 1199 414 1254 ὠκυπόδων
422 1201 492 1263 ἀμφὶ
502 1201 600 1260 κτύπος
610 1201 696 1253 odora
703 1201 806 1266 βάλλει,

72 1281 175 1333 ferrum
184 1278 280 1347 iugulo
292 1279 394 1346 adegit,
404 1280 515 1332 iuvante
524 1278 716 1349 Epaphrodito
727 1294 746 1330 a
755 1277 855 1331 libellis

73 1354 302 1420 Semianimisque
313 1352 403 1404 adhuc
411 1354 575 1421 irrumpenti
584 1355 752 1418 centurioni,
767 1360 855 1422 etpaa

72 1428 140 1480 nula
149 1429 185 1479 ad
195 1428 294 1480 vulnus
305 1427 441 1496 apposita,
446 1429 476 1480 iu
486 1429 618 1479 auxilium
629 1429 777 1481 sevenisse
785 1428 855 1479 sinu

72 1503 155 1568 lauti,
169 1519 226 1555 non
236 1503 313 1554 aliud
322 1502 478 1570 respondit,
494 1518 587 1571 quam,
604 1501 680 1566 Sero,
692 1509 732 1568 at,
742 1501 855 1554 flascas

67 1577 145 1648 fides.
184 1575 558 1646 Atqueineavocedeieeit,
573 1577 745 1629 exstantibus
755 1575 855 1644 rigenti

72 1654 178 1721 busque
190 1652 278 1703 oculis
287 1649 422 1718 usquead
435 1647 578 1703 horrorem
587 1650 820 1719 formidinemque
828 1649 855 1701 vi

72 1726 199 1777 sentimu.
238 1724 316 1777 Nihil
329 1726 406 1794 prius
421 1732 470 1777 aut
482 1725 571 1792 magis
587 1727 762 1778 aaomitibus
773 1739 855 1792 exags

71 1806 124 1864 rat,
136 1815 219 1869 quam
229 1814 264 1851 na
273 1806 396 1866 potestas
407 1801 535 1866 cuiquam
546 1800 645 1866 eapitis
654 1801 700 1852 sui
708 1801 799 1864 lieret,
819 1813 855 1851 ss«

71 1884 115 1938 ut,
137 1873 361 1942 quoquomodo,
380 1880 457 1925 totus
471 1881 646 1927 cremaretur.
684 1874 855 1942 Permisitqu

72 1946 237 2011 hoeloelus,
254 1945 360 1999 Galbae
370 1948 497 2011 libertus,
513 1964 568 2000 non
578 1948 664 2000 multo
676 1946 855 2001 anteviuenli

73 2021 224 2085 exsolutus,
234 2022 264 2071 in
276 2036 345 2088 quae
355 2022 444 2090 primo
455 2023 574 2074 tumultu
584 2024 725 2075 eouieetua
734 2022 836 2075 fuerat.

69 2123 73 2129 ·
93 2096 97 2103 '
129 2093 163 2146 L.
183 2095 337 2147 Funeratus
352 2097 531 2162 estimpensa
546 2097 726 2149 ducentorum
740 2096 855 2148 millium

74 2170 205 2236 stragulis
220 2170 291 2221 albis
305 2185 374 2221 auro
388 2171 514 2233 intextis,
536 2172 635 2238 quibus
652 2187 720 2223 usus
733 2169 855 2224 Kaleudi

72 2244 197 2295 ianuarii
206 2243 306 2296 fuerat.
344 2244 487 2312 Reliquias
496 2244 600 2313 Euloge
611 2245 812 2298 etdlexandria
820 2259 855 2295 nu

72 2319 157 2371 triees
173 2335 233 2370 eum
247 2319 314 2370 dete
328 2319 482 2369 concubina
498 2320 595 2386 gentili
608 2319 798 2372 Domitiorum
811 2333 855 2371 mo

73 2390 203 2445 numento
224 2393 417 2457 condiderunt,
447 2393 522 2460 quod
546 2395 716 2460 prospicitur
736 2411 752 2447 e
772 2408 855 2460 aamp

72 2466 176 2519 Martio
187 2467 347 2534 impositum
359 2467 425 2518 colli
434 2465 586 2519 hortorum.
605 2467 636 2519 ln
646 2484 680 2520 eo
691 2473 855 2521 monument

74 2542 176 2594 solium
185 2539 379 2610 Porphyretioi
388 2542 547 2605 marmoris,
562 2549 738 2609 superstante
746 2542 855 2595 Laneus

75 2631 133 2680 ara,
145 2617 355 2683 auerrmseptum
366 2622 408 2668 est
417 2616 511 2682 lapide
521 2615 636 2669 Thasio.

121 2688 170 2742 LI.
192 2690 309 2746 Statius
318 2689 374 2744 iuit
385 2705 473 2762 paene
486 2690 574 2759 iusta,
594 2706 712 2762 corpore
725 2689 855 2744 namtas
