1874 3060
150 182 201 239 1ss
430 188 457 232 C·
482 185 671 234 suarem!

151 309 341 378 optatissimus
355 310 481 377 princeps
496 309 633 360 maximae
646 309 722 375 parti
734 308 867 376 provincis

150 384 324 447 aomilitum,
346 384 394 450 qui
402 383 534 435 infamem
545 383 669 451 plerique
679 389 866 450 cognoverant

149 464 178 511 et
187 459 332 510 universae
342 458 418 525 plebi
429 458 553 509 urbanae
568 458 604 509 ob
615 458 775 508 memoriam
787 455 867 509 Germ

147 533 238 601 patris
246 532 505 600 miserationemque
519 547 606 600 prope
616 530 734 582 afflictae
745 531 853 582 domus:

149 621 202 675 que
211 611 244 658 ut
254 621 271 657 a
280 606 389 658 Miseno
399 606 498 670 movit,
514 606 638 674 quamvis
652 605 771 673 lugentis
786 602 867 657 habit

146 680 231 733 funus
236 680 344 731 Tiberii
352 695 529 747 prosequens,
534 685 626 732 tamen
634 681 707 731 iuter
717 680 819 731 altaria
829 686 867 731 et

147 769 221 819 inas,
242 754 423 822 ardentesque
440 753 550 816 taedas,
571 754 733 805 densissimo
749 759 777 805 et
790 754 867 805 laetis

149 828 295 880 obviorum
306 828 414 895 agruim
423 828 545 891 incessit,
551 843 634 895 super
643 828 736 879 fausta
745 829 867 892 nomina,

148 907 176 954 ot
180 903 283 970 pallam
292 907 320 962 et
325 917 426 969 papum
436 907 464 954 et
472 903 606 953 alumnum
616 902 822 971 appellantium.

203 974 278 1027 xlv,
297 975 479 1045 ingressoque
488 977 602 1041 Urbem,
616 977 710 1027 statim
721 991 867 1028 consensu

146 1055 192 1100 tuo
212 1056 240 1102 et
257 1049 458 1117 irrumpentis
449 1066 478 1101 rn
493 1051 598 1101 curiam
611 1051 721 1114 turbae,
741 1050 823 1101 irrita
837 1050 867 1100 Ti

145 1123 301 1188 voluntate,
322 1125 371 1192 qui
388 1129 551 1176 testamento
571 1124 686 1187 alterum
706 1130 833 1212 nepotem
854 1140 867 1174 s

145 1203 348 1265 praetextatum
359 1196 456 1262 adhuc,
469 1196 630 1250 coheredem
640 1214 667 1250 er
658 1197 822 1262 dederat,
814 1214 858 1249 rus

144 1272 283 1340 triumque
298 1272 420 1323 omnium
434 1287 526 1325 rernm
544 1272 589 1323 illi
608 1273 770 1340 permissum
790 1280 867 1337 est,=

144 1344 258 1412 publica
268 1345 388 1409 laefitia,
408 1352 440 1396 ut
448 1347 537 1398 tribus
548 1347 682 1414 proximis
692 1347 844 1410 mensibus,
866 1382 867 1389 ι

144 1419 213 1470 totis
224 1419 343 1487 quidem,
354 1435 438 1487 supra
449 1427 555 1472 centum
566 1421 709 1487 sexaginta
719 1420 807 1470 millia
817 1421 867 1472 vio

143 1507 206 1544 rum
225 1508 308 1545 caesa
326 1494 480 1546 tradantur.
521 1495 611 1556 Quum
632 1494 729 1545 deinde
749 1509 854 1562 paucos

145 1567 205 1618 dies
214 1567 245 1618 in
254 1568 396 1634 proximas
408 1568 576 1636 Campaniae
584 1569 691 1619 insulas
700 1570 864 1632 traiecisset,

144 1656 196 1708 pro
207 1641 300 1693 reditu
309 1649 438 1709 suscepta
448 1648 524 1705 suut;
543 1658 578 1694 nc
588 1643 728 1694 minimam
740 1643 851 1711 quidem
862 1660 867 1693 ι

144 1715 250 1767 sionem
265 1731 403 1784 quoquam
420 1717 562 1768 omittente
575 1717 605 1767 in
618 1717 792 1768 testificanda
806 1717 867 1768 solli

144 1789 208 1840 dine
219 1795 247 1840 et
257 1804 324 1840 curo
332 1789 367 1841 de
376 1789 566 1841 incolumitate
577 1791 645 1843 eius.
683 1792 720 1841 Ut
728 1806 793 1842 vero
804 1792 835 1842 iu
846 1806 867 1842 ar

144 1878 203 1913 sam
213 1863 398 1915 valetudinem
407 1863 514 1927 incidit,
520 1865 745 1931 pernoctantibus
757 1866 862 1916 cunctis

143 1935 296 2000 Palatium,
307 1952 363 1987 uon
374 1936 529 2003 defuerrmt,
542 1939 591 2007 qui
601 1939 805 2007 depugnaturos
815 1956 845 1991 se
856 1955 867 1990 a

142 2024 194 2078 pro
205 2009 295 2061 salute
305 2011 394 2077 aegri,
416 2011 517 2079 quique
532 2014 624 2079 capita
638 2029 689 2064 sua
699 2014 781 2065 titulo
792 2030 863 2083 prop

141 2089 282 2135 voverent.
320 2084 443 2137 Accessit
462 2087 498 2136 ad
516 2087 678 2139 immensum
697 2089 796 2139 civium
818 2104 867 2140 arm

142 2158 277 2209 notabilis
295 2159 379 2210 etiam
398 2166 573 2212 externorum
593 2160 682 2215 favor.
720 2161 867 2231 Namquer

142 2232 244 2296 banus,
258 2231 424 2285 Parthorum
434 2250 496 2298 rex,
517 2235 611 2287 odium
626 2252 732 2303 semper
742 2245 867 2304 contemp

143 2321 196 2374 qus
207 2307 315 2360 Tiberii
323 2323 390 2376 prae
399 2325 429 2360 se
439 2309 541 2374 ferens,
564 2311 713 2361 amicitiam
729 2312 789 2362 eius
802 2312 867 2362 ultr«

141 2381 200 2443 tiit3
223 2384 352 2451 venitque
371 2383 407 2433 ad
428 2384 597 2453 colloquium
617 2385 702 2451 legati
723 2386 867 2436 consulari

141 2459 328 2522 mansgressus
343 2456 522 2524 Euphratem,
544 2459 652 2526 aquilas
672 2466 700 2511 et
719 2460 799 2526 signa
813 2461 867 2512 Ror

144 2528 345 2598 Caesarumque
355 2532 488 2599 imagines
500 2533 635 2584 adoravit.

197 2603 259 2655 XV.
278 2604 444 2658 Incendebat
464 2608 568 2674 etipse
588 2608 681 2659 studia
701 2605 842 2660 hominum
864 2632 867 2656 t

131 2691 238 2740 genere
242 2679 454 2749 popularitatis.
482 2681 667 2735 Tiberiacum
678 2682 804 2752 plurimis
814 2684 867 2737 lam
