1822 3068
88 174 139 228 its
365 176 393 222 G.
418 173 608 223 sunroun

88 297 254 368 ademptum,
265 297 313 352 sed
323 299 406 350 otiam
416 297 550 350 sermonis
560 302 588 349 et
597 295 733 366 colloquii
740 312 810 349 usus.
826 295 849 347 cl

87 375 141 426 tati
155 374 191 426 ad
205 388 317 426 oausam
332 372 475 425 dicendam
484 372 586 440 partim
595 386 625 424 se
636 371 714 424 domi
722 371 849 424 mheram

86 454 165 514 rum,
186 449 255 500 certi
264 448 463 511 damnationis,
484 453 511 498 et
525 445 561 497 ad
575 447 749 498 vexationem
761 445 849 514 ignonl

86 524 215 593 niamque
224 522 378 585 vitandam3
397 522 498 591 partim
511 522 541 572 in
555 520 648 572 media
661 521 849 573 curiavenenn

86 595 250 659 hauserunt3
261 602 396 661 ettamen,
409 595 548 662 colligatis
557 595 726 661 vulneribus,
738 610 770 648 ac
778 594 849 646 mnis

85 671 402 740 nimespalpitantesque
415 671 445 720 in
460 684 596 721 carcerem
610 670 693 738 rapti.
731 669 849 735 Nemope

85 747 208 798 nitornm
220 760 277 797 non
289 740 319 797 in
330 744 479 796 Gemonias
495 744 617 796 abiectus
626 759 753 813 uncoque
761 748 849 803 metra

85 812 185 888 viginti
192 835 248 871 uno
260 820 317 884 die,
336 820 408 871 inter
423 835 471 871 eos
485 819 565 887 pueri
578 825 606 869 et
614 816 743 871 feminac.
778 817 849 869 luant

85 900 166 946 turae
175 894 297 963 puellae,
313 895 379 963 qnia
388 909 464 946 more
473 893 577 944 tradito
587 891 665 944 nefas
675 891 849 959 essetmgns

85 968 265 1036 strangulari,
284 970 398 1021 vitiatae
408 969 484 1036 prius
495 967 663 1031 acamifice,
679 967 849 1033 demensum

83 1042 167 1094 latae.
205 1043 282 1095 Mori
290 1044 444 1095 volentibus
454 1044 496 1094 vis
508 1041 633 1094 adhibita
646 1042 766 1094 vivendi
798 1038 849 1093 Nu

84 1124 200 1169 mortem
211 1119 281 1170 adeo
292 1118 350 1171 leve
361 1118 525 1185 supplicium
535 1118 664 1185 putabat,
674 1123 719 1181 ut,
734 1126 849 1185 qnnmse

84 1192 179 1257 disset,
189 1208 273 1244 unum
283 1207 317 1244 ex
327 1193 394 1256 reis,
407 1192 564 1243 Garnulinm
573 1192 697 1256 nomine,
710 1191 849 1259 micipsa

84 1281 159 1331 eam,
180 1266 386 1318 exclamaverit:
408 1266 547 1318 Cornelius
561 1281 602 1317 me
615 1266 705 1318 evasit.
744 1265 780 1316 lit
790 1265 849 1316 irre

84 1341 283 1407 cognoscendis
295 1341 436 1405 custodiis,
447 1341 572 1410 precanti
582 1340 693 1392 cuidam
702 1348 849 1409 poenaeue

83 1415 224 1466 toritatem
234 1416 389 1483 respondit:
405 1413 527 1467 Nomadum
537 1424 621 1467 tecum
630 1415 659 1467 in
667 1406 849 1485 gramme&

83 1489 235 1541 Annalibus
245 1492 302 1542 suis
312 1490 640 1554 virconsularisinseruit,
645 1489 849 1560 frequentique*

84 1564 148 1615 dam
159 1566 285 1618 convivio
291 1603 299 1630 ‚
311 1567 355 1618 cui
365 1566 461 1633 etipse
471 1564 593 1628 affirerit,
603 1563 798 1633 interrogatum
806 1572 849 1613 eu

84 1638 177 1692 subito
188 1646 217 1693 et
227 1641 300 1693 clare
311 1641 458 1710 aquodam
468 1655 554 1704 nano,
567 1645 673 1691 astante
683 1654 790 1691 mensae
797 1636 849 1688 int!

84 1730 212 1782 copreae,
233 1732 281 1767 cur
290 1715 428 1767 Paconius
441 1714 594 1766 maiestatis
604 1729 667 1765 reus
677 1719 735 1765 tam
745 1714 790 1765 diu
797 1710 849 1763 vlit·

82 1795 137 1854 ret,
158 1790 251 1841 statim
266 1790 375 1857 quidem
389 1789 569 1857 petulantiam
583 1789 694 1856 linguae
704 1789 849 1855 obiurgant

84 1868 203 1915 ceterum
221 1872 286 1931 post
303 1879 406 1931 pancos
425 1864 484 1916 dies
499 1864 641 1930 scripsisse
655 1863 776 1928 senensi,
792 1854 849 1913 ut&

82 1953 173 2006 poena
183 1937 300 1989 Paeonii
309 1953 390 2006 quam
401 1940 518 2005 primum
528 1943 670 1990 statueret.
721 1928 726 1938 ⁴

139 2011 226 2062 [ΧΠ.
245 2013 330 2064 imit
337 2013 508 2082 intenditque
523 2013 681 2077 saevitiam,
694 2011 849 2064 exacerbata!

82 2085 187 2138 indicio
199 2086 232 2138 de
246 2094 335 2140 morto
349 2089 401 2139 filii
413 2090 458 2139 sui
466 2086 565 2139 Drusi:
585 2103 665 2155 quom
680 2103 762 2154 quum
774 2080 849 2137 morit

83 2167 112 2212 et
120 2161 331 2229 intemperantia
341 2164 445 2230 perisse
460 2163 641 2226 existimaret,
661 2168 693 2213 ut
706 2162 811 2213 tandem
820 2168 849 2207 tt

82 2251 154 2288 neno
168 2237 360 2306 interemptum
373 2238 471 2290 fraude
485 2237 603 2288 Liuillae
620 2236 716 2288 uxoris
732 2242 809 2304 atquc
819 2228 849 2283 St⁴

82 2312 142 2364 iani
152 2314 382 2380 cognovitneqne
392 2313 535 2365 tormentis
544 2326 633 2380 neque
642 2306 849 2379 suppliciosum

84 2401 166 2453 qnam
178 2389 314 2455 pepercit;
334 2388 389 2439 soli
402 2385 466 2439 huic
481 2386 634 2454 cognitioni
647 2385 717 2437 adeo
731 2400 779 2454 per
795 2386 849 2435 totu

84 2461 144 2512 dies
158 2461 267 2514 deditus
286 2469 314 2514 et
329 2463 463 2526 intentus,
482 2467 515 2513 ut
526 2460 711 2513 Rhodiensem
729 2456 849 2528 hospitae

85 2550 165 2601 quem
175 2535 360 2589 familiaribus
370 2538 457 2589 literis
462 2537 578 2589 Romam
588 2530 849 2599 evocaratadveniss

84 2610 140 2661 sibi
157 2613 330 2677 nunciatum,
349 2612 475 2679 torqueri
487 2612 547 2663 sine
560 2627 639 2663 mora
650 2610 782 2674 iusserit,¹
793 2618 849 2676 quas

85 2685 187 2753 aliquis
198 2702 232 2740 ex
240 2686 404 2740 necessariis
419 2687 575 2756 quaestioni
585 2686 705 2749 adessem
726 2682 849 2737 deindcst
