1822 3068
125 207 175 259 388
267 207 295 253 G.
313 200 504 253 SUETONH
519 198 771 249 FRAGMENTA.

122 332 235 382 Fretum
245 315 392 396 angustum
401 325 483 394 quusi
491 323 601 377 lenens
614 340 703 390 mere,
716 329 749 376 nt
758 323 904 380 Sierrlumc

123 405 291 456 Gaditanum
302 402 368 467 (Mn.
380 399 575 464 mammem).
586 400 732 452 Aestuaria
741 406 807 451 sunt
816 404 905 453 omnia

120 476 535 547 perqueemerericissimtum
545 470 654 527 accedit
664 474 848 541 (Msoccu'dit)
858 484 905 528 tun

118 554 232 607 recedit.
274 553 365 603 Altum
388 551 501 619 proprie
519 564 596 603 mare
615 548 792 618 profunclum.
834 550 905 603 Vade

121 629 186 692 (Ms.
195 629 294 697 uaga),
310 627 411 696 quibus
420 626 449 676 in
459 625 530 687 mari
538 630 633 692 potest
642 626 725 688 steri,
742 641 813 694 quae
823 625 905 693 Virgi·

120 704 175 754 lius
184 702 281 753 brevia
292 700 421 771 appellat,
433 715 502 769 quae
513 699 610 750 eedem
621 698 724 751 Graeci
732 699 840 767 βραχέα.
872 702 905 752 si-

118 792 170 828 nus
189 777 309 827 maiores
328 790 451 827 recessus
470 774 554 824 maris
576 774 718 839 dicuntur,
739 782 771 829 ut
790 776 905 842 Caspius,

118 851 261 915 Arabicus,
272 849 396 900 Indicus:
415 849 534 899 maiores
545 854 636 901 autem
648 850 753 917 anguli,
763 856 795 900 ut
804 849 905 902 Paesta-

118 941 182 989 nus,
198 925 361 988 Matrestae,
377 923 542 990 Amyclanus
553 928 582 974 et
592 923 697 975 similes
706 925 822 976 nomina
830 926 904 975 muris

120 999 255 1050 dixerunt.
293 998 405 1049 Flustra
420 1004 509 1048 motus
524 998 609 1048 maris
625 999 684 1050 sine
693 1004 853 1067 tempestate
860 999 902 1048 llo·

120 1074 247 1125 otnantis.
286 1072 406 1125 Naevius
415 1073 444 1123 in
454 1072 527 1124 bello
538 1071 660 1125 Poenico
671 1072 740 1138 (Ms.
752 1073 868 1138 Pontico)
876 1072 900 1121 in

117 1148 298 1215 inscriptione
310 1148 385 1217 quod
396 1148 444 1212 ait,

193 1220 361 1274 Hoeerire'oe
371 1220 498 1273 honustae
508 1220 618 1276 eribant
626 1222 781 1295 influetre'e,

119 1304 152 1348 ut
161 1297 186 1348 si
195 1295 336 1347 diceretiu
346 1297 400 1347 eolo
411 1296 476 1361 (Me.
489 1298 567 1363 solu).
604 1298 696 1351 Moles
713 1315 784 1367 quae
800 1300 904 1350 eminent

122 1378 149 1423 et
158 1376 324 1439 procurrunt
333 1372 412 1436 mari,
424 1371 457 1423 de
469 1372 568 1440 quibus
579 1371 719 1427 Pacuuius
735 1374 801 1439 (Ms.
812 1374 903 1426 Fortu·

16 1440 17 1444 ¹
121 1446 183 1511 lius)
195 1446 244 1510 ait,

158 1548 196 1559 -
206 1535 292 1572 omnes
303 1518 417 1572 latebris
426 1520 543 1572 sullaetu
552 1521 620 1572 mole
630 1521 854 1575 abstrusissime.

123 1595 335 1649 Caecus-lluetus
344 1602 448 1660 temen,
469 1595 585 1648 necdum
594 1602 688 1650 tamen
699 1615 798 1665 canus,
819 1601 850 1650 de
860 1612 904 1665 qno

122 1673 186 1722 Atta
197 1671 262 1737 (Me.
274 1674 349 1735 aeta)
360 1671 390 1721 in
399 1677 496 1738 togata
506 1671 547 1722 sic
558 1672 611 1721 uit:

139 1775 177 1785 --
185 1772 224 1785 —-
233 1745 333 1812 Populo
335 1745 438 1814 fluctus
449 1744 714 1816 caerosscice‘uotper
724 1747 889 1805 discordum,-

122 1827 150 1872 ct
160 1822 296 1888 Augustus
307 1821 359 1871 ait:
379 1820 549 1872 noscerimus
560 1818 712 1887 Neapolim,
717 1823 807 1891 fluctu
814 1819 904 1888 quidem

122 1912 207 1946 coeco.
228 1895 317 1960 Litus,
330 1896 461 1965 quicquid
472 1911 543 1964 aqua
554 1895 677 1948 alluitur.
701 1895 819 1949 Flumen
828 1895 904 1948 omnis

121 1968 233 2033 humor,
250 1970 298 2036 qui
307 1971 351 2021 vel
360 1971 467 2022 modice
477 1970 547 2021 lluit.
585 1970 709 2022 Torrens
720 1970 831 2036 fluvius,
842 1970 905 2038 quia

121 2043 216 2111 pluvia
227 2043 336 2107 crescit,
353 2044 478 2095 siccitate
488 2045 629 2109 torrescit,
643 2044 675 2097 in
685 2051 741 2111 est,
756 2047 864 2109 arescit,
879 2043 905 2093 de

122 2133 176 2185 quo
188 2115 325 2169 Pacuvius
336 2118 384 2181 ait,

196 2189 330 2243 Flrimmeo
340 2193 435 2259 vapore
446 2201 548 2245 torrem
558 2193 650 2245 torret.
666 2221 707 2232 ·-—
714 2221 755 2233 -

123 2267 202 2318 Ostia
213 2267 302 2318 exitus
312 2264 452 2318 tluminum
463 2269 492 2318 in
502 2283 586 2320 mere.
621 2267 700 2320 Tolli
710 2284 842 2336 aquarum
853 2281 905 2336 pro*

122 2344 222 2406 iectus,
244 2342 339 2408 quales
349 2341 451 2394 suntin
460 2343 575 2409 Aniene,
591 2342 658 2408 (Ms.
669 2341 797 2411 meierue)
807 2341 905 2396 fimum

123 2433 206 2484 quam
215 2416 333 2468 maxime
344 2416 498 2486 praecipiti.

413 2606 620 2649 ..axffi-
705 2602 711 2609 .
814 2605 817 2612 ,
