1874 3060
83 175 133 227 32⁰
362 175 389 221 G.
416 173 600 222 SUETONH

84 312 281 366 nonuunquam
290 298 320 348 in
334 294 448 349 thermis
462 297 533 362 suis,
555 295 676 348 admissa
689 294 782 363 plebe,
803 294 874 347 lavit

85 372 227 435 Quaedam
247 372 298 423 rub
318 387 351 423 eo
370 370 487 423 fortuita
501 386 535 422 ae
548 371 642 423 tristia
656 369 832 435 aeciderunt,
850 379 874 421 ut

85 446 267 513 conflagratio
282 444 384 497 Vesevi
397 446 500 498 montis
513 446 544 496 in
559 445 723 512 Campania,
744 449 773 497 et
789 445 874 497 inoen·

84 522 159 572 dium
174 520 279 572 Romae
292 535 343 586 per
356 519 478 572 triduum
491 519 661 587 totidemque
679 525 792 582 neotes3
814 519 874 571 item

85 595 254 664 pestilentia,
276 599 379 661 quanta
388 610 444 646 non
453 599 555 646 temere
566 594 646 645 alius.
684 591 874 645 lnlrlstoted·

84 670 171 722 versis
182 684 216 720 se
224 668 339 732 talibus,
350 684 406 720 non
415 668 500 720 modo
510 669 644 736 prinuipis
653 667 874 730 sollicitudinem,

84 743 133 795 sed
144 749 172 795 et
181 742 303 809 parentis
314 741 443 794 affectum
452 743 563 794 unioum
573 742 721 809 praestitit,
732 756 808 793 nune
817 754 874 793 oon·

85 816 202 869 solando
212 831 262 883 per
271 815 375 881 edicta,
395 832 469 867 nune
479 816 655 882 opitulando,
672 821 810 883 quatenus
818 830 874 882 sup·

84 896 189 959 peteret
213 890 341 941 facultas.
386 892 534 943 Curatores
557 889 744 942 restituendae
765 889 874 957 Campa·

83 965 147 1016 niue
161 979 176 1015 e
190 963 376 1015 consularium
389 980 502 1016 numero
517 971 593 1016 sorte
611 964 699 1016 duxit.
736 962 820 1016 Boua
832 976 874 1029 op·

84 1053 241 1105 pressorum
251 1037 400 1103 anesevo,
410 1054 527 1106 quorum
537 1037 650 1090 heredes
659 1053 716 1090 non
725 1038 874 1098 exstabant,

85 1113 255 1164 restitutioni
277 1111 439 1163 afflictarum
460 1113 603 1164 civitatum
622 1111 760 1164 attribuit.
799 1111 874 1164 Urbis

84 1186 212 1238 incendio
232 1184 313 1251 nihil,
334 1186 389 1237 nisi
408 1187 476 1250 sibi,
499 1187 609 1254 publiee
628 1187 734 1255 perisse
754 1190 874 1247 usurus,

85 1265 184 1312 cuneta
192 1260 397 1327 praetoriorum
410 1276 521 1312 suorum
534 1266 696 1313 ornamenta
707 1260 837 1326 operibus
845 1273 874 1311 oe

84 1333 194 1402 templis
224 1333 384 1386 destinavit:
416 1335 631 1403 praeposuitque
661 1334 818 1403 complures
842 1347 874 1385 ex

85 1408 206 1476 equestri
216 1408 383 1477 ordineque
395 1424 519 1477 quaeque
529 1410 664 1460 maturius
673 1414 873 1477 peragerentur.

84 1481 237 1534 Medendao
259 1482 413 1535 valetudini
434 1483 622 1552 leniendisque
644 1482 752 1537 morbis
775 1482 874 1534 nullam

85 1556 206 1608 divinam
216 1555 418 1627 humanamque
429 1573 508 1624 opem
518 1572 575 1609 non
585 1555 725 1622 adhibuit,
744 1556 873 1625 inquisito

85 1630 162 1683 omui
181 1631 381 1683 sacrificiorum
399 1632 636 1701 remediorumque
655 1644 766 1699 genere.
807 1630 874 1682 luter

86 1704 202 1756 adversa
211 1712 364 1773 temporum
374 1705 543 1758 etdelutores
552 1705 786 1773 mandatorerque
793 1710 873 1767 eraut,

85 1793 120 1830 er
133 1778 247 1830 lieentia
260 1780 356 1831 veteri.
394 1779 456 1832 Hos
471 1780 581 1832 assidue
594 1780 624 1830 in
638 1779 703 1832 loro
718 1778 837 1848 flagellis
846 1792 874 1831 se

85 1852 204 1905 fustibus
215 1868 325 1918 caesos,
347 1869 380 1904 ee
392 1854 542 1906 novissimo
554 1853 698 1906 traduetos
712 1868 763 1922 per
776 1850 874 1922 ampli·

84 1925 186 1978 theatri
197 1941 316 1990 arenam,
329 1925 452 1996 [hastae]
463 1929 564 1995 partim
574 1928 676 1979 mbiiei
686 1943 720 1980 ae
728 1928 874 1981 venusiu-

85 2001 204 2068 perarit‚
215 2001 316 2066 partim
326 2001 355 2050 in
366 2003 530 2068 asperrimas
541 2001 693 2055 lnsularum
704 2001 796 2055 avehi.
832 2001 874 2053 Ut-

86 2089 138 2143 que
149 2074 231 2125 otiam
244 2074 348 2125 similia
357 2075 522 2143 quandoque
533 2091 649 2128 ausuros
659 2082 795 2145 perpetuo
805 2078 874 2129 oodr-

86 2153 172 2212 ceret,
191 2149 279 2200 vetuit
288 2149 360 2200 inter
370 2156 472 2214 cetera,
488 2149 521 2202 de
531 2149 626 2202 eadem
636 2166 668 2203 re
677 2149 873 2218 pluribusugl

85 2223 137 2273 bus
148 2223 205 2290 agi,
227 2224 355 2290 quaeriue
370 2224 403 2275 de
419 2225 578 2291 cuiusquam
594 2224 788 2277 defunctorum
797 2228 874 2286 stato,

85 2296 159 2347 ultra
170 2303 259 2348 certos
270 2313 366 2350 anuos.

141 2370 189 2421 lx.
213 2370 407 2424 Pontificatum
431 2373 580 2424 maximum
604 2372 669 2427 ideo
688 2389 720 2426 se
740 2373 874 2443 professus

87 2444 224 2511 accipere,
244 2451 501 2512 utpurasservaret
510 2462 620 2511 manus,
641 2447 724 2500 fidem
733 2447 874 2514 praestitit,

86 2534 138 2570 nee
152 2526 250 2570 auctor
264 2518 381 2587 posthae
395 2522 555 2588 cuiusquam
569 2523 657 2587 neeis,
678 2537 732 2574 nee
746 2512 874 2582 constitu,

82 2594 211 2660 quamvis
220 2594 356 2645 interdum
366 2594 517 2647 ulciscendi
528 2611 677 2648 causanon
692 2597 815 2663 deesset,
832 2592 874 2647 sed

63 2669 230 2734 pm‘turum
249 2687 278 2725 se
300 2669 405 2744 potius,
435 2685 513 2740 quom
533 2669 711 2739 perditarum,
742 2672 873 2725 numano
