1822 3068
202 188 461 237 OCTAVIANUS.
497 189 576 235 CAP.
594 190 709 236 49-53.
818 190 853 243 81

81 312 180 383 digere,
196 310 502 381 etsinnmtnstgmt,
517 327 672 379 quemqnam
682 327 746 375 esse,
767 312 854 379 quide

80 388 234 456 sebqaatur
244 388 320 438 nale.
360 385 431 438 nasis
441 386 566 450 estenim,
577 384 805 451 siboebnbemns,
821 405 853 441 ne

80 460 200 527 {danobis
210 459 475 531 miesncerepossit.

118 535 175 587 bu.
186 536 313 603 Templa,
319 536 443 604 quamvis
453 536 537 588 sciret
547 536 630 588 etiam
641 535 852 602 proconsulibus

80 608 852 677 iecemisolere,innulletnmenprovincianisicornmn·

80 684 149 737 dsno
158 684 319 751 Romaeque
333 685 444 736 nomine
457 685 571 753 recepit:
591 700 655 736 nam
669 685 699 735 in
709 683 783 736 Urbe
792 686 852 751 qni·

80 756 124 811 den
139 758 360 827 pertinacissime
380 759 513 809 abstinuit
536 757 589 810 boc
611 757 726 810 bonore.
763 759 852 828 Atque

79 832 299 901 disnargenteas
308 838 427 897 statuas,
446 832 513 885 olim
523 833 706 901 sibipositns,
723 833 853 886 conflavit

79 918 165 971 πως
185 907 332 975 exquibus
347 922 444 958 aureas
458 908 580 959 cortinas
589 908 712 976 Apoliini
721 907 850 961 Palatino
899 954 902 962 .

78 978 204 1034 dedimrit.
245 981 419 1032 Dictaturam
433 996 534 1049 magua
546 983 575 1034 vi
590 981 721 1034 offerente
736 984 850 1052 populo,

78 1058 232 1121 subnixus,
254 1055 360 1107 deiecta
370 1052 405 1107 ab
416 1054 536 1109 humeris
545 1062 624 1124 toga,
645 1057 719 1108 nudo
729 1065 850 1124 pectore,

114 1135 280 1183 menese.

77 1126 186 1257 ίῳΙι111.
206 1204 323 1256 Domini
336 1205 561 1272 appeliationem,
580 1212 612 1257 ut
630 1206 805 1258 maledictum
824 1212 852 1259 et

77 1280 247 1347 bpprobrinm‚
258 1294 365 1348 semper
374 1277 525 1332 exhorruit.
565 1279 654 1341 Quium
665 1287 806 1348 spectante
816 1296 849 1333 eo

76 1350 140 1407 indos
148 1352 360 1424 pronunciatum
371 1360 443 1406 esset
450 1356 480 1405 in
489 1355 587 1406 mimo:

147 1424 456 1480 ---—0doms'nnm
466 1428 730 1496 neqnnmttbonnmt

76 1502 227 1568 deuicerat,
249 1503 331 1571 quasi
341 1503 445 1571 deipso
461 1503 576 1566 dictum,
597 1503 765 1554 exsultantes
775 1518 849 1555 com·

75 1577 234 1643 probassent:
254 1584 282 1629 et
291 1578 384 1628 statim
394 1592 478 1628 manu
486 1577 617 1643 vultuque
626 1575 772 1627 indecoros
782 1577 849 1628 adu-

75 1648 175 1705 udones
184 1652 325 1721 repressit,
336 1658 364 1704 et
371 1653 528 1721 insequenti
538 1651 583 1702 die
591 1650 753 1718 gravissime
764 1651 849 1701 corri-

75 1726 232 1791 tnltedicto‚
248 1720 442 1794 dominumque
456 1743 486 1779 se
495 1723 611 1794 posthac
627 1723 762 1791 appellari
770 1739 822 1775 nec
832 1739 850 1774 a

75 1797 152 1853 iberis
161 1801 273 1870 quidem
283 1810 332 1853 aut
340 1802 487 1869 nepotibus
497 1802 568 1865 suis,
583 1799 628 1851 vel
636 1799 710 1852 serio
720 1798 765 1851 rel
774 1799 848 1863 ioco,

74 1888 154 1940 tenus
168 1882 224 1929 est:
248 1882 331 1944 atque
344 1874 502 1929 huiusmodi
516 1875 666 1928 blanditias
681 1874 763 1926 ffiam
777 1875 850 1926 inter

74 1948 134 2015 bens
150 1949 302 2020 probibuit.
341 1951 404 2002 Non
420 1956 522 2003 temere
541 1951 612 2003 Urbe
633 1950 770 2018 oppidove
789 1950 847 2001 ulio

74 2036 191 2091 egressus,
203 2032 252 2078 ant
263 2040 400 2093 quoquam
410 2025 549 2093 ingressus
559 2025 669 2089 estnisi
678 2040 790 2093 vespere
801 2032 849 2076 unt

73 2106 152 2166 meur,
167 2116 293 2168 nequem
305 2101 390 2152 officii
404 2102 488 2152 cansa
497 2101 670 2168 inquietaret.
709 2099 740 2151 ln
751 2116 847 2152 consu-

73 2170 241 2243 btupedibns
249 2173 322 2238 fere,
343 2180 420 2226 extra
436 2176 607 2226 consulatum
623 2190 705 2242 saepe
715 2175 848 2242 adaperta

73 2246 138 2311 ΙοΙΙι,
157 2266 207 2318 per
216 2249 357 2318 publicum
366 2250 486 2300 incessit.
525 2248 847 2301 Promiscuissalatatio-

73 2320 137 2375 nibus
150 2324 315 2375 admittebat
328 2330 356 2375 et
369 2324 489 2391 plebem,
509 2330 587 2376 tanta
602 2325 732 2376 comitate
746 2322 846 2373 adeum-

72 2394 125 2448 dum
134 2399 273 2451 desideria
283 2399 434 2465 excipiens,
445 2406 478 2450 nt
487 2399 621 2466 quendum
632 2399 696 2449 ioco
707 2396 846 2463 corripue-

72 2470 108 2536 dt,
121 2473 195 2541 qnod
209 2472 248 2526 ss'c
261 2472 312 2524 sibi
324 2473 435 2525 libellum
444 2473 585 2542 porrigere
604 2471 749 2532 dubitaret,
771 2470 848 2536 qnasi

72 2544 191 2613 tiepbnmo
201 2547 302 2615 stipent.
342 2547 395 2599 Die
409 2555 520 2615 senatus
534 2562 672 2614 nunqnam
685 2549 778 2613 patres
792 2545 848 2597 nisi

71 2617 172 2673 usaria
181 2622 322 2685 salutarit,
335 2628 362 2674 et
371 2623 481 2691 quidem
492 2623 629 2685 sedentes,
641 2635 675 2670 ac
683 2620 846 2672 nominatim

71 2693 193 2763 dumos,
212 2696 291 2749 nuilo
305 2698 496 2750 submonente:
515 2703 546 2753 et
558 2694 699 2747 discedens
714 2709 747 2747 eo
762 2696 845 2748 modo

93 2786 226 2833 Sucrone
621 2789 643 2838 F
