1874 3060
215 204 444 267 ,claumos
479 205 559 254 aar.
577 209 617 254 1⁶.
636 210 676 254 ιτ.
800 184 855 259 ‘tos

222 286 235 319 a

54 330 185 382 tinerent.
224 326 263 381 dc
272 345 306 381 ne
317 327 440 381 cuibacc
448 330 520 379 mira
533 329 601 392 sint,
621 330 759 397 litigatori
768 331 854 385 Grae·

55 404 119 457 culc
129 403 226 455 roxin
236 403 416 455 altercatione
426 403 541 467 excidit,
560 401 618 451 Καὶ
626 399 656 452 σὺ
667 403 747 471 γέρων
756 395 793 464 el,
810 406 854 456 καὶ

56 475 152 544 μωρὸς.
190 476 319 544 Equitem
329 477 438 544 quidem
448 477 615 541 Romanum,
636 479 815 531 obscenitatis
824 481 854 532 iu

56 552 275 616 feminasreum,
290 551 338 603 sed
348 551 434 615 falso,
446 556 474 603 et
483 552 518 602 ab
526 553 724 619 impotentibus
732 553 852 606 inimicis

58 627 177 678 conflato
190 626 316 689 crimine,
331 627 400 676 satis
411 631 530 689 constat,
546 641 629 692 quum
639 633 732 678 scorta
741 628 852 679 merito·

56 701 100 752 ria
112 700 194 752 citari
205 698 335 751 adversus
346 715 388 763 se,
409 705 438 750 et
447 699 539 750 audiri
547 714 597 765 pro
607 701 767 752 testimonio
778 701 851 753 vide-

57 781 111 838 ret,
126 770 273 841 graphium
284 779 312 825 et
321 774 444 835 libellos,
461 789 530 840 quos
540 774 689 826 tenebatin
698 791 795 839 mansi,
811 776 852 826 ita

57 864 118 899 cum
127 862 230 914 magna
239 847 373 898 stultitiae
383 847 548 899 etsaevitiae
552 849 764 915 exprobratione
772 850 851 901 iecis-

57 938 86 974 se
95 922 125 974 in
135 921 237 972 faciem
247 922 320 985 eills,
330 927 362 972 ut
371 936 468 988 genam
479 936 536 973 non
546 921 642 973 leviter
651 925 850 990 perstrinxerit.

110 994 186 1047 xvi.
208 994 302 1046 Gessit
311 1001 339 1046 et
352 1010 507 1058 censuram,
527 996 712 1049 intemnissam
726 998 774 1050 diu
787 1005 852 1065 post

56 1069 189 1120 Plancum
199 1067 380 1136 Paullumque
392 1084 531 1132 censorcs3
552 1069 600 1120 sed
610 1068 681 1122 hauc
691 1087 800 1140 quoquc
808 1072 849 1123 iu-

56 1143 223 1213 aequaliter,
243 1145 377 1211 varioque
390 1148 418 1194 et
432 1144 524 1195 animo
535 1149 563 1194 et
572 1149 678 1195 eventu.
716 1144 850 1212 Recogui-

54 1219 131 1270 tione
140 1217 263 1286 equitum
274 1219 399 1269 iuvenem
407 1216 517 1285 plenum
527 1219 634 1283 probri,
655 1218 703 1270 sed
714 1234 793 1286 quem
803 1234 850 1286 pa-

54 1298 97 1343 tcr
105 1292 333 1359 probatissimum
344 1291 400 1343 sibi
410 1293 572 1356 adiuuabat,
579 1293 638 1344 sine
647 1293 800 1360 ignominia
809 1294 850 1345 di·

55 1367 144 1430 misit,
156 1364 265 1428 babere,
281 1366 388 1430 dicens,
404 1381 535 1417 censorem
545 1381 628 1417 sunm.
666 1367 770 1432 Alium,
792 1383 850 1421 cor·

56 1440 172 1506 ruptelis
183 1439 381 1508 adulteriisque
390 1439 540 1502 famosum,
555 1438 626 1489 nihil
640 1441 758 1507 amplius
769 1456 851 1508 qnam

55 1515 176 1578 monuit,
191 1513 394 1580 ataatparce'as
404 1514 537 1564 aetatulae
546 1512 707 1580 indulgeret,
723 1523 851 1566 aatceete

56 1588 160 1640 cautim
166 1604 179 1649 ,·
200 1588 370 1655 addiditque,
385 1588 474 1651 Quare
484 1584 553 1637 enim
564 1602 612 1654 ego
624 1585 685 1649 seio,
697 1601 775 1652 qaam
784 1587 850 1638 ami-

58 1678 114 1715 eam
124 1662 242 1713 babeas?
269 1662 306 1713 Et
316 1678 407 1729 quum,
420 1661 563 1713 orantibus
572 1659 766 1724 familiaribus,
776 1661 850 1713 dem-

56 1738 157 1804 psisset
166 1735 277 1787 cuidam
289 1737 444 1804 appositam
454 1741 562 1798 notam,
583 1733 682 1785 lasura
693 1740 793 1797 tameo,
808 1735 849 1786 in-

56 1812 122 1880 quit,
135 1817 230 1863 exstet.
269 1809 448 1878 Splendidam
462 1809 564 1872 virum,
585 1806 773 1876 Graeciaeque
787 1821 850 1876 pro·

55 1886 162 1938 unciae
171 1885 337 1953 principem,
357 1900 451 1935 verum
461 1881 558 1935 Latini
566 1884 700 1935 sermonis
713 1883 849 1951 ignarum,

55 1974 108 2012 non
119 1960 206 2013 modo
218 1959 282 2010 albo
293 1959 414 2009 iudicum
426 1959 523 2022 erasit,
539 1958 587 2009 sed
599 1959 681 2009 etiam
691 1959 721 2009 in
731 1958 850 2026 peregri·

55 2035 170 2086 nitatem
180 2032 296 2100 redegit.
333 2031 392 2084 Nec
403 2046 564 2099 quemquam
574 2033 628 2083 uisi
644 2048 695 2083 sna
707 2036 788 2097 voda,
808 2037 850 2083 ut·

57 2124 162 2176 cunque
173 2108 236 2176 quis
246 2113 353 2174 posset,
368 2122 402 2157 ac
411 2107 471 2157 sine
481 2111 612 2173 patrono,
631 2107 767 2159 rationem
776 2108 850 2158 ritae

56 2198 154 2250 passus
164 2186 208 2234 est
216 2181 340 2233 reddere.
378 2179 667 2247 Notavitqucmultos,
680 2181 850 2249 etquosdam

56 2257 242 2326 inopinantes,
254 2261 325 2308 etex
336 2270 420 2306 causa
428 2255 496 2305 novi
504 2255 625 2320 generis,
638 2255 712 2321 quod
722 2269 751 2304 se
761 2253 849 2304 inscio

57 2346 88 2383 ac
98 2333 160 2383 sine
170 2335 326 2382 commeatu
336 2329 418 2381 ltalia
427 2329 620 2390 excessissent3
641 2327 850 2396 quendamvcro

56 2413 93 2471 et,
114 2404 192 2472 quod
203 2419 295 2456 comes
306 2405 379 2470 regis
388 2403 418 2453 in
432 2403 577 2470 provincia
590 2401 700 2465 fidsset,
721 2399 849 2463 telem,

54 2481 192 2532 maiorm
201 2478 382 2545 temporibus,
392 2477 508 2528 Rabirio
514 2474 849 2540 Postumo,Ptolemacum

53 2552 250 2607 Alexandriam
266 2552 364 2604 crediti
377 2551 506 2602 servandi
520 2565 604 2602 causa
620 2554 727 2612 secuto,
748 2548 850 2599 fflmen

53 2627 210 2680 maiestatis
226 2627 299 2694 apud
312 2626 419 2676 iudices
433 2631 547 2676 motum.
585 2623 682 2674 Plures
695 2627 793 2674 notare
803 2636 849 2674 co·

53 2709 147 2768 naum,
163 2715 265 2769 magua
274 2700 471 2770 inquisitorum
480 2697 661 2767 negligentia,
672 2697 722 2750 sed
731 2711 782 2750 suo
792 2710 849 2748 ma·
