1874 3060
218 224 406 273 TIBERIUS.
440 225 519 272 CAP.
536 226 652 272 ‘la—ta.
779 227 830 281 155

34 346 176 411 nonnulli,
196 347 337 415 pulvinum
347 348 491 411 iniectum,
511 363 594 415 quum
608 354 761 402 extractum
774 352 830 405 sibi

34 422 175 474 deficienti
185 422 323 486 annulum,
334 436 399 474 mox
408 422 581 488 resipiscens,
592 424 761 491 requisisset.
781 425 828 479 Sa.

32 511 103 549 neca
111 512 174 549 eum
185 496 289 560 scribit,
298 497 439 548 intellecta
448 495 610 562 defectione,
617 505 771 567 exemptum
781 514 828 553 aa·

32 571 141 635 nulum,
156 572 238 638 quasi
247 571 333 623 alicui
340 571 521 636 traditurum,
535 586 682 640 parumper
691 573 826 626 tenuisses

32 645 97 696 dein
106 661 203 696 rursus
213 652 322 712 aptasse
333 645 430 713 digito,
442 652 470 698 et
477 661 635 714 compressa
645 647 758 700 sinistra
767 662 826 699 ma·

31 734 71 770 nu
79 720 201 772 iacuisse
211 720 260 771 diu
268 721 452 784 immobilem,
471 720 618 789 subitoque
626 722 735 774 vocafis
744 723 824 774 mini·

31 794 107 858 stris,
119 809 153 845 ac
162 795 270 847 nemine
279 795 470 863 respondente,
482 795 750 860 consurrexisseuec
758 812 824 866 pro·

33 867 78 919 cni
87 883 106 918 a
116 868 217 920 lectulo
228 869 418 922 deficientibus
427 869 533 921 visibus
544 869 707 922 concidisse.

86 941 214 994 LXXIV.
235 943 367 1010 Supremo
376 943 465 995 natali
474 958 525 994 suo
535 943 689 1011 Apollinem
698 945 824 998 Temeni-

32 1021 100 1081 tem,
120 1023 149 1068 et
158 1019 347 1085 amplitudinis
357 1023 385 1070 et
395 1019 462 1069 artis
473 1017 604 1080 eximiae,
619 1018 762 1071 advectum
772 1019 824 1087 Sy·

32 1091 154 1156 neuris,
170 1098 203 1143 ut
211 1092 240 1143 in
249 1091 420 1145 bibliotheca
427 1092 495 1145 novi
504 1091 599 1159 templi
608 1099 769 1159 poneretur,
783 1095 824 1145 vi·

33 1163 170 1234 deratper
179 1167 298 1233 quietem
310 1168 489 1219 affirmantem
502 1166 569 1231 sibi,
590 1164 651 1218 Nou
660 1182 737 1234 poue
749 1183 777 1218 se
790 1168 824 1220 al

32 1236 88 1306 ipro
98 1239 224 1293 dedicari.
262 1241 371 1294 litante
381 1256 485 1310 paucos
500 1256 582 1308 quam
596 1241 687 1293 obiret
697 1241 756 1293 dies
765 1248 823 1293 tnr-

31 1312 72 1365 rls
86 1312 168 1382 phari
180 1321 270 1368 terrae
283 1322 360 1367 motu
375 1316 487 1384 Capreis
502 1315 631 1368 concidit.
669 1317 709 1369 Ac
720 1315 823 1369 Miseni

33 1388 102 1440 cinis
116 1405 132 1441 e
146 1388 243 1442 favilla
257 1396 284 1442 et
298 1391 462 1442 carbonibus
477 1389 513 1440 ad
526 1389 726 1441 calfaciendum
735 1391 821 1443 tricli-

32 1462 108 1513 nium
116 1463 217 1528 illatis,
233 1465 395 1529 exstinctum,
410 1465 502 1516 etiam
513 1464 562 1514 diu
571 1463 702 1531 frigidus,
719 1466 823 1518 exarsit

33 1543 142 1605 repente
152 1539 376 1607 primavespera,
388 1537 632 1607 atqueinmultam
642 1545 750 1591 noctem
760 1555 820 1608 per·
883 1565 885 1569 ·

32 1610 158 1664 linaciter
168 1613 246 1665 luxit.

87 1684 200 1738 LXXV.
219 1687 311 1738 Morte
325 1686 384 1740 eius
397 1687 439 1739 ita
451 1687 570 1739 laetatus
585 1691 627 1738 est
640 1686 770 1754 populus,
790 1694 822 1738 ut

35 1759 70 1811 ad
78 1762 195 1829 primum
205 1762 334 1813 nuncium
344 1762 538 1826 discurrentes,
552 1776 617 1828 pars
622 1799 630 1825 ,
649 1758 782 1812 lilerium
792 1760 821 1813 in

38 1831 163 1899 Tiberim,
176 1836 360 1899 clamitareut3
379 1851 443 1903 pars
461 1835 571 1887 Terram
585 1844 696 1887 matrem
710 1835 820 1902 deosque

35 1905 126 1962 Manes
137 1921 256 1973 orarent,
276 1927 309 1962 ne
322 1919 424 1962 rnortuo
439 1911 523 1962 sedem
536 1912 616 1962 ullam
630 1908 762 1962 nisiinter
771 1909 819 1962 im-

29 1982 85 2050 pios
95 1985 188 2037 darent
193 2002 207 2048 ;
226 1985 277 2036 alii
289 1999 389 2036 uncum
400 1991 427 2036 et
437 1984 584 2037 Gemonias
596 1986 723 2037 cadaveri
733 1986 819 2037 mina·

32 2064 134 2124 rentur,
149 2060 307 2112 exacerbati
322 2074 403 2127 super
412 2060 570 2111 memoriam
581 2060 713 2129 pristinae
724 2061 818 2114 culde-

32 2128 115 2186 lltatis
126 2135 209 2186 etiam
219 2134 324 2187 receuti
334 2134 488 2185 atrocitate.
526 2133 597 2185 Nam
613 2151 696 2203 quum
706 2143 817 2187 senatus

33 2209 154 2261 consulto
166 2202 276 2261 cautium
287 2216 370 2272 esset,
390 2213 422 2258 ut
431 2223 520 2275 poena
531 2207 721 2260 damnatorum
731 2210 761 2260 in
772 2210 816 2261 de-

32 2280 126 2335 cimum
136 2299 244 2352 semper
253 2284 324 2335 diem
336 2281 499 2346 differretur,
505 2281 577 2335 forte
588 2282 697 2347 accidit,
707 2288 740 2333 ut
749 2298 816 2350 quo-

31 2358 141 2409 rundam
151 2358 281 2428 supplicii
291 2358 349 2409 dies
359 2359 384 2408 is
395 2363 478 2421 esset,
490 2372 544 2424 quo
555 2357 714 2408 nunciatum
725 2355 758 2406 de
768 2356 815 2406 Ti-

30 2427 102 2484 berio
113 2438 182 2485 erat.
221 2433 282 2484 Hos
292 2432 470 2500 implorantes
480 2429 621 2482 hominurn
631 2431 724 2494 fidem,
740 2430 814 2497 quia,

30 2504 137 2560 absente
148 2505 239 2558 adhuc
249 2506 331 2570 Caio,
346 2521 425 2557 nenio
437 2506 574 2570 exstabat,
590 2505 637 2573 qui
652 2503 724 2554 adiri
732 2503 815 2572 inter·

29 2579 177 2650 pellarique
187 2587 289 2649 posset,
300 2573 441 2644 mastodcs,
451 2596 486 2632 ne
497 2580 562 2647 quid
574 2580 703 2630 adversus
714 2577 814 2627 consti-

28 2657 110 2708 tutum
130 2655 266 2720 facerent,
287 2654 537 2721 strangulaverunt,
558 2653 767 2718 abiecenmtque
784 2651 815 2702 in

29 2724 185 2784 Gemonias.
225 2729 411 2798 Crevitigltur
420 2727 538 2794 invidia,
560 2727 641 2797 qnasi
655 2726 737 2778 etiarn
751 2731 816 2794 post
