1874 3060
157 183 203 230 DE
221 183 435 234 ILLUSTRIBUS
452 184 691 235 assumerem.
768 185 818 239 eli

98 302 230 370 Miratur,
242 306 334 374 quitus
343 306 385 359 ille
395 306 538 375 disciplinis

101 379 216 433 Tantam
226 381 263 434 tit
270 381 427 449 sapientiam
436 390 581 446 accerume,

100 454 184 520 Quem
195 464 248 507 tm
257 455 392 520 cauliculi,
404 456 499 508 selibra
502 456 606 528 farris,

94 527 207 582 liecemi
215 530 277 593 dec,
289 532 379 600 tegula
389 531 435 582 tei
446 546 500 582 rena

95 602 141 654 At
148 619 362 672 summamprope
372 603 493 657 sufflant
502 613 639 657 senectam.

48 685 178 731 tunsus:

73 755 76 763 '
96 750 204 802 Catonis
214 753 302 815 modo,
316 746 402 814 Galle,
418 745 595 805 Tutuletmm

98 822 168 877 Tota
177 825 292 878 creditor
300 827 364 878 urie
372 826 532 878 venditabat.

94 896 193 951 Mirati
201 915 301 962 remus,
312 899 419 952 unicum
428 899 597 970 magistrum,

95 971 229 1024 Summum
237 973 454 1043 grammaticum,
466 973 591 1041 optimum
596 984 714 1043 poetam,

98 1043 191 1098 Omnis
201 1049 296 1099 solvere
303 1063 379 1114 poete
389 1047 552 1114 quaestiones
561 1048 575 1110 ‚'·

98 1119 185 1172 Unum
195 1120 304 1192 difficile
314 1122 434 1189 expedire
442 1138 544 1174 nomen.

94 1193 140 1246 En
150 1211 196 1247 ecr
207 1195 346 1258 Zenodoti,
358 1213 389 1248 en
399 1196 472 1249 ieeur
483 1195 619 1248 C'ratetiss
700 1232 704 1241 -

74 1267 137 1319 ΧΠ.
159 1269 325 1320 Communes
333 1269 482 1336 Epicadus,
493 1268 527 1321 L.
538 1266 660 1323 comelii
670 1269 764 1323 Sullae
774 1271 816 1322 di·

48 1343 137 1393 cteris
152 1343 279 1408 libertus,
296 1343 456 1411 calatorque
469 1345 499 1395 in
509 1345 665 1415 sacerdotio
677 1345 813 1412 augurali,

48 1416 133 1485 ioque
153 1417 212 1469 eius
231 1417 323 1469 fauste
344 1417 518 1484 gratissimus
536 1416 608 1469 fuit:
633 1433 718 1485 quare
736 1434 814 1471 num-

48 1505 103 1542 mm
111 1505 168 1542 non
176 1492 320 1560 utriusque
329 1507 359 1544 se
369 1491 497 1543 libertum
506 1490 602 1542 edidit.
640 1491 754 1543 Librum
765 1507 815 1543 eu·

48 1580 87 1629 m,
109 1580 189 1633 quem
208 1565 287 1618 Sulla
305 1565 485 1617 novissimum
499 1565 534 1616 de
546 1565 629 1616 rebus
643 1565 701 1616 suis
714 1565 813 1633 imper-

48 1643 121 1691 cium
131 1639 293 1707 reliquerat,
304 1640 364 1708 ipse
374 1639 519 1707 supplevit.

74 1711 150 1763 Xlll.
171 1712 334 1765 sumemus
350 1712 416 1766 hero
427 1728 478 1765 suo
489 1719 595 1779 emptus
610 1711 644 1763 de
655 1717 775 1776 cataste,
786 1720 814 1766 et

48 1792 133 1854 'optet
147 1787 268 1838 studium
285 1787 480 1850 manumissus,
501 1786 597 1837 docuit
615 1787 688 1837 inter
708 1792 814 1838 ceteros

48 1866 134 1911 rutum
148 1866 177 1912 et
190 1862 324 1914 Cassium.
363 1860 433 1914 Sunt
446 1860 494 1928 qui
505 1859 629 1923 tradant,
649 1875 711 1911 eum
730 1857 813 1913 hene-

48 1939 90 1987 ete
100 1934 267 2001 praeditum,
280 1943 313 1987 ut
325 1936 495 2002 temporibus
509 1933 631 1986 Sullanis
646 1934 813 2001 proscripto·

48 2023 79 2059 m
94 2008 198 2061 liberos
211 2010 300 2077 gratis
318 2015 346 2061 et
360 2010 419 2061 sine
434 2009 558 2061 mercede
571 2008 631 2060 ulla
644 2008 675 2060 in
690 2008 812 2076 discipli-

48 2098 82 2133 tm
92 2084 235 2150 receperit.
561 2124 564 2129 -

72 2155 147 2208 XIV.
169 2158 297 2208 Curemus
316 2155 402 2208 Nrcm
421 2154 512 2208 haesit
526 2157 574 2208 cn.
590 2156 723 2223 Pompeio
739 2164 766 2209 et
781 2159 811 2208 c.

48 2231 167 2282 emmio:
187 2231 236 2283 sed
250 2247 334 2300 quum
345 2230 491 2283 codicillos
503 2229 628 2282 Memmii
641 2231 677 2281 sd
686 2228 810 2299 Pompeii

48 2318 133 2356 :orem
148 2305 181 2357 de
195 2313 290 2373 stupro
306 2305 475 2374 pertulisset,
491 2304 618 2371 proditus
629 2305 664 2355 ab
674 2318 720 2369 ea,
730 2303 812 2357 Pom·-

48 2378 110 2429 dum
125 2378 252 2444 offendit3
268 2380 406 2446 domoque
421 2378 448 2429 ei
466 2378 643 2430 interdictum
658 2383 722 2439 est„
746 2377 812 2429 Fuit

58 2452 99 2503 Μ.
112 2453 252 2505 Ciceronis
265 2453 432 2505 familiaris:
450 2452 481 2502 in
491 2453 568 2503 cuius
579 2450 699 2518 epistola
709 2451 744 2513 ad
754 2450 811 2504 Do·

48 2526 148 2578 bellam
161 2526 230 2579 haec
243 2528 277 2579 de
290 2543 324 2579 ec
339 2527 474 2594 legimus:
494 2523 571 2576 Nittt
582 2524 683 2577 llenme
695 2525 810 2594 geritur,

48 2601 89 2653 md
100 2609 126 2653 te
135 2610 227 2668 putem
236 2600 303 2654 seire
313 2617 419 2664 curare,
434 2598 571 2671 siriforte
580 2597 647 2651 scire
656 2598 707 2664 eie,
721 2599 810 2650 meiu-

48 2674 174 2730 rNiciam
187 2684 305 2732 cosmum
318 2683 345 2729 et
359 2673 465 2729 Vidium
477 2673 589 2728 iudicem
600 2689 661 2726 esee.
701 2672 814 2744 Profert
