1822 3068
94 190 145 244 aad
371 192 399 236 c.
422 188 607 238 sunrouu
898 169 902 241 Ι

95 316 217 367 imbutus
231 319 260 365 et
271 313 390 377 musica,
405 314 499 364 statim
511 320 544 365 ut
551 314 699 382 imperium
709 312 819 380 adeptus
826 318 869 376 est,
904 323 910 330 ·

96 392 236 457 Terpnum
245 387 448 453 citharoedum,
461 389 598 456 vigentem
606 394 674 439 tunc
683 394 791 457 praeter
799 386 867 449 alios,

96 464 242 526 accersiit3
262 463 412 529 diebusque
426 463 564 514 continuis
577 468 644 529 post
652 478 768 514 coenam
777 460 868 514 emend

94 540 124 590 in
136 538 251 589 multam
263 544 372 589 noctem
388 537 524 601 assidens,
539 536 685 605 paullatim
695 544 724 589 et
732 538 791 605 ipse
799 534 866 587 ned

94 615 150 664 tari
159 612 333 679 exercerique
343 612 442 678 coepit,
448 626 536 679 neque
544 627 640 663 eorum
650 612 796 680 quicquam
804 609 867 663 onii·

94 696 165 751 tere,
185 702 256 754 quac
274 687 382 753 generis
401 687 461 736 eius
481 686 601 737 artifices
618 686 665 738 vei
684 684 867 738 conseruandae

95 763 173 814 vocis
186 775 271 812 causa
283 760 328 811 vel
342 760 483 827 augendae
492 760 660 812 factitarent.
699 760 755 814 Sed
764 760 867 829 etplu·

95 838 175 887 beam
186 832 308 885 chartam
321 835 435 902 supinus
450 840 561 902 pectore
571 836 720 900 sustinere,
732 841 761 887 et
770 835 868 903 elysium

95 910 254 976 vomituque
268 910 394 977 purgari,
404 915 432 961 et
446 910 583 962 abstinere
592 910 684 978 pomis
694 910 816 977 cibisque
824 908 868 961 od·

97 984 244 1047 cientibus,
273 984 361 1035 donee
389 982 546 1036 blandiente
568 984 696 1051 proiectu
719 988 868 1053 (quanqum

97 1056 869 1201 :itt*immutabilitatem

98 1214 189 1270 ctans,
209 1209 327 1260 occultae
346 1206 461 1258 musicae
478 1209 577 1259 nauum
590 1224 644 1259 esse
656 1217 810 1275 respectum.
843 1202 870 1255 lii

98 1281 204 1350 prodiit
222 1281 341 1349 Neapoli
359 1282 495 1348 primum3
520 1298 553 1333 ac
571 1298 606 1334 ne
623 1298 761 1335 concusso
780 1280 870 1351 qudder

98 1361 209 1420 repente
228 1362 413 1408 motuterrae
432 1355 540 1408 theatro
561 1364 624 1408 ante
639 1364 754 1410 cantare
772 1354 870 1415 destitit.

99 1445 181 1496 quam
194 1427 354 1483 inchoatum
368 1431 524 1482 absolveret
536 1426 626 1489 riuos.
664 1432 772 1484 Ibidem
781 1430 871 1499 saepius

100 1511 127 1556 et
136 1520 186 1572 per
195 1505 349 1573 complures
360 1506 481 1557 cantavit
490 1506 550 1557 dies
560 1522 569 1555 t
587 1512 697 1575 sumpto
709 1506 793 1558 etiam
802 1504 871 1557 edre

99 1580 243 1632 liciendam
258 1596 353 1632 vocem
367 1581 444 1632 brevi
456 1588 593 1648 tempore,
607 1582 756 1649 impatiens
766 1578 873 1633 secred!

99 1655 216 1706 balineis
229 1656 259 1705 in
271 1653 408 1707 theatmm
422 1655 545 1718 transiit,
556 1656 701 1723 mediaque
711 1658 740 1708 in
752 1654 873 1708 orosam

99 1728 240 1797 frequente
251 1729 355 1797 populo
365 1729 501 1797 epulatus,
511 1728 659 1796 &paudum
669 1729 828 1792 subdidisset,
836 1724 873 1779 ui·

100 1803 164 1868 qaid
174 1818 202 1854 ee
216 1803 328 1874 eusserti
341 1803 511 1865 tinniturum,
527 1802 635 1856 Graeco
649 1820 778 1858 sermone
789 1800 873 1875 proui-

100 1879 144 1928 sit.
184 1878 287 1945 Captus
301 1885 392 1929 autem
406 1878 556 1929 modulatis
570 1878 818 1932 Alexandrinorum
828 1878 874 1929 lm·

100 1951 271 2015 dationibus,
291 1953 340 2019 qui
359 1952 393 2003 de
412 1968 484 2003 novo
506 1960 660 2006 commeatu
673 1954 812 2023 Neapolin
825 1966 874 2004 con·

98 2025 245 2089 fluxerant,
264 2026 356 2093 plures
375 2026 542 2079 Alexandria
561 2030 696 2080 evocavit.
743 2030 835 2097 Neque
849 2038 874 2077 eo

100 2099 210 2165 segnius
230 2101 418 2152 adolescentes
437 2103 572 2169 equestris
592 2103 698 2154 ordinis
722 2109 751 2156 et
774 2102 876 2172 quinquo

101 2174 218 2242 auspiius
231 2175 320 2226 millia
334 2192 349 2227 e
362 2177 442 2243 plebe
452 2177 662 2229 robustissimae
679 2178 827 2230 iuventutis
838 2188 875 2227 m·

100 2249 182 2316 dique
191 2249 282 2317 elegit,
294 2251 343 2320 qui
352 2252 435 2303 divisi
443 2253 473 2302 in
482 2250 626 2316 factiones,
636 2251 784 2320 plausuum
792 2260 876 2321 geum

101 2324 297 2389 condiscerent,
308 2326 425 2389 (bombos
438 2332 466 2377 et
474 2325 594 2378 imbrices
604 2332 632 2378 et
642 2334 725 2379 testae
733 2324 876 2385 voutam).

102 2415 268 2467 operamque
281 2406 414 2452 navarent
427 2402 550 2452 cantanti
559 2401 626 2466 sibi,
637 2401 763 2470 insignes
771 2398 876 2471 pinguia

100 2476 171 2524 sima
185 2490 264 2526 coma
278 2481 305 2527 et
318 2475 546 2527 excellentissimo
561 2476 638 2527 cultu
651 2478 745 2542 pueri,
764 2492 815 2530 neo
830 2472 876 2525 sne

101 2550 202 2601 annulo
212 2549 312 2601 laevis:
329 2565 443 2617 quorum
455 2550 538 2601 duces
549 2551 728 2619 quadragena
738 2544 875 2604 miiiialli·

144 2640 158 2672 1·
243 2661 249 2674 ι

101 2625 323 2764 mexexblanzuum
333 2699 429 2769 magni
436 2699 596 2751 aestimaret
605 2708 733 2767 cantare,
748 2696 875 2755 etiamso-
