1874 3060
137 174 187 227 itt
410 181 438 222 c.
464 174 652 224 SUETONH

136 312 235 366 magno
249 298 380 351 tibiarum
396 303 424 349 et
435 296 618 351 scabellorum
633 295 752 363 crepitu,
772 310 835 348 cum
852 296 930 363 palla

135 375 285 440 tunicaque
293 372 379 425 talari
387 371 526 441 prosiluit,
537 387 570 423 ac
579 371 716 423 desaltato
728 370 838 423 cantico
849 371 928 424 abiit

134 448 223 515 Atque
233 445 345 498 hictum
355 446 454 498 docilis
465 446 501 497 ad
512 452 609 509 cetera,
620 450 716 496 notare
725 445 834 497 nesciit.

191 520 250 573 LV.
272 521 395 582 Quorum
404 535 469 572 vero
481 519 573 572 studio
584 525 735 583 teneretur,
751 519 882 571 omnibus
892 520 926 570 ad

134 597 271 647 insaniam
280 595 359 646 iavit.
397 594 561 646 Mnesterem
575 595 773 661 pantomimum
786 594 872 646 etiarn
886 594 927 645 iu-

133 677 178 722 ter
186 670 344 738 spectacula
356 669 544 721 osculabatur:
560 685 594 720 ao
603 669 628 719 si
638 669 699 736 quis
709 667 828 721 saltante
839 683 874 721 eo
883 669 927 721 vei

132 745 232 796 leviter
242 746 422 809 obstreperet,
445 741 552 795 detrahi
564 744 669 794 iussum
679 758 762 795 manu
770 742 926 810 suaiiagel·

132 819 219 870 labat.
253 818 349 885 Equiti
358 818 483 869 Romano
493 817 729 883 tumultusntiper
738 818 925 871 centunonem

133 893 320 955 denunciavit,
342 893 431 943 abiret
440 893 500 944 sine
509 907 589 944 mora
599 892 718 955 Ostiam,
737 890 925 959 perferretque

132 966 169 1017 ud
188 964 376 1018 Ptolemaeum
394 981 486 1034 regem
508 967 537 1017 in
556 967 754 1017 Mauritsniam
778 965 924 1019 codicillos

131 1055 207 1092 snos.
247 1041 370 1103 Quorum
380 1041 532 1106 exemplum
543 1046 615 1092 erat:
634 1039 680 1104 Εἰ,
691 1056 766 1106 quem
775 1040 846 1092 istuc
855 1038 922 1103 misi,

131 1130 214 1182 acque
233 1115 295 1167 boui
313 1114 453 1182 quicquam
470 1131 553 1180 neque
571 1113 635 1166 maii
650 1114 757 1184 feceris.
800 1112 923 1167 Thraces

131 1190 268 1256 quosdam
278 1189 422 1241 Germanis
437 1190 564 1256 corporis
578 1189 738 1241 custodibus
752 1189 922 1255 praeposuit.

130 1262 330 1315 MirnriiIonum
346 1269 500 1315 armaturas
508 1265 621 1316 ¹recidit.
659 1264 794 1316 Columbo
813 1264 923 1328 victori,

129 1338 229 1389 leviter
246 1344 338 1390 tamen
357 1339 466 1403 mucio,
486 1338 618 1391 venenum
637 1338 666 1390 in
681 1338 792 1405 plagam
805 1337 924 1401 addidit,

132 1412 206 1478 quod
221 1426 255 1463 ex
270 1429 303 1465 eo
316 1412 496 1464 Columbinum
510 1412 670 1479 appellavit
708 1412 755 1464 Sic
769 1413 924 1465 certamem

131 1486 188 1537 alia
198 1502 302 1538 venenu
311 1489 443 1554 scripturn
454 1489 533 1540 abeo
544 1494 680 1553 repertum
689 1492 741 1539 eet.
791 1486 925 1541 Pratum

129 1560 249 1613 factioni
258 1562 299 1613 ita
310 1562 438 1614 addictur
447 1568 475 1614 et
484 1562 601 1625 deditos,
611 1568 643 1612 ut
652 1568 782 1613 coenaret
790 1562 821 1613 in
831 1562 924 1615 stabu-

129 1635 159 1686 lo
171 1636 291 1700 assidue,
302 1643 329 1688 et
339 1643 468 1689 maneret.
505 1637 644 1703 Agitatori
653 1633 781 1703 Eutycho
792 1637 923 1689 comissa-

128 1711 207 1762 tione
222 1711 340 1778 quadam
355 1711 384 1761 in
399 1709 578 1778 apophoretis
590 1711 676 1763 vicies
688 1711 845 1762 sestertium
859 1726 922 1763 con·

129 1784 203 1835 tulit.
241 1783 368 1848 incitato,
378 1786 455 1835 euius
465 1786 530 1851 eqni
539 1800 623 1836 causa
633 1785 879 1853 pridieCireemes,
889 1800 924 1837 ne

129 1859 342 1925 inquietaretur,
352 1859 471 1910 viciniae
484 1859 623 1910 silentium
633 1875 681 1925 per
690 1859 792 1911 milites
800 1859 923 1911 indicere

130 1925 246 1996 solebat,
252 1939 360 1998 praeter
370 1933 460 1999 equile
469 1940 693 1997 marmoreum,et
702 1949 835 2000 praesepe
843 1935 923 1986 ebur·

128 2021 223 2069 neum,
243 2012 404 2073 praeterque
414 2022 552 2074 purpurea
560 2013 731 2075 tegumenta,
750 2008 923 2060 nemonilee

130 2081 256 2147 gemmis,
277 2081 387 2133 domum
400 2083 484 2133 etiam
498 2088 527 2134 et
538 2081 673 2134 iamiiiam
687 2089 715 2135 et
724 2082 923 2148 supellectilem

130 2153 221 2218 dedit,
231 2169 287 2221 quo
297 2155 400 2207 lautius
408 2157 519 2208 nomine
530 2158 589 2208 eius
598 2158 709 2209 invitati
719 2159 923 2224 acciperentur5

131 2229 303 2280 consulatum
314 2245 423 2299 quoque
432 2231 553 2282 traditur
563 2231 723 2283 destinasse.

186 2301 259 2355 ivr.
278 2304 320 2355 ita
333 2304 511 2358 bacchantem
526 2312 608 2373 atque
621 2312 791 2374 grassantem
805 2320 864 2358 non
878 2305 924 2358 de·

129 2375 184 2428 fuit
202 2379 341 2445 plerisque
360 2381 469 2431 animus
488 2380 602 2432 adoriri.
641 2380 696 2433 sed
711 2395 766 2433 ura
781 2379 922 2447 alteraque

130 2453 334 2518 conspiratione
345 2454 464 2518 detecta,
485 2454 551 2504 aliis
562 2471 611 2522 per
624 2456 749 2522 inopiam
764 2454 923 2507 occasionis

129 2529 334 2593 motantibus,
355 2529 410 2580 duo
426 2528 572 2579 consilium
583 2530 922 2596 wmmunicaveruntper·

129 2599 316 2669 feceruntque,
336 2619 392 2654 non
406 2603 466 2653 sine
480 2604 649 2656 commentia
666 2605 922 2671 potentissimorum

118 2674 286 2730 libertorum
295 2677 552 2748 praefectorumque
561 2679 703 2746 praetorii,
708 2679 785 2748 quod
794 2678 922 2749 ipsiquo·
