1822 3068
91 213 124 262 2⁰
366 213 393 259 G.
421 209 606 259 SUETONII

92 335 189 389 deiude
198 330 356 399 Ponticum,
367 333 432 386 huic
440 334 596 401 proximum
606 331 776 398 Africanum,
787 349 793 384 1

90 411 190 463 simum
198 409 423 477 Hispaniensem,
439 409 546 459 diverso
563 423 696 474 quemque
707 423 793 474 appar

89 485 279 537 instrumfflto.
318 482 422 534 Gallici
434 480 568 551 triumphi
581 482 626 533 die
635 481 785 533 Velabrum

88 557 240 623 remehone,
251 572 337 625 paene
347 573 430 609 curru
438 571 568 609 excussus
581 554 659 624 [est]‚
671 571 723 608 axe
734 555 793 608 dim

90 633 266 699 ascenditque
277 632 445 698 Capitolium
455 631 491 682 ad
501 630 618 693 lumina,
631 631 793 697 quadragint

87 705 200 774 phontis
214 706 310 758 dextra
325 713 407 773 atque
425 706 538 757 sinistra
557 703 727 771 lychnuchos
746 720 793 772 ges

87 782 149 833 bue.
187 779 304 832 Pontico
314 778 453 847 triumpho
468 781 539 832 inter
552 794 670 846 pompae
679 779 785 830 fercula

88 855 235 907 verborum
244 855 376 921 praetulit
384 855 508 919 titulum,
519 852 617 904 VENI.
627 852 714 904 VIDI.
726 853 793 904 Vlcl

89 935 152 980 acta
162 929 228 980 belli
238 929 450 996 significantem,
471 930 544 980 sicut
558 929 668 991 ceteris,
689 928 738 980 sed
753 929 793 980 cel

89 1003 208 1055 confecti
216 1009 320 1055 notam.

143 1076 295 1129 XXXVIII.
314 1077 459 1130 Veterauis
473 1077 628 1144 legIonibus
639 1078 757 1143 praedae
767 1093 793 1128 m

87 1153 117 1204 lu
126 1151 232 1219 pedites
243 1153 367 1220 singulos
378 1167 460 1218 super
468 1152 536 1203 bina
549 1152 687 1215 sestertia,
710 1167 780 1219 quae

88 1226 179 1279 civilis
187 1227 320 1277 tumultus
330 1233 527 1290 numeraverat,
538 1227 635 1277 vicena
646 1232 779 1293 quaterna
789 1243 793 1277 1

86 1299 226 1352 nummum
237 1300 321 1352 dedit.
359 1301 517 1367 designarit
527 1306 554 1352 et
564 1314 659 1366 agros,
679 1302 727 1352 sed
741 1317 793 1352 non

86 1376 193 1437 tinnos,
208 1389 242 1425 ne
257 1375 318 1441 quis
333 1390 522 1442 possessorum
538 1374 728 1444 expelleretur.
767 1375 793 1424 Ρη

86 1453 196 1517 praeter
205 1447 335 1501 frumenti
345 1449 545 1502 denosmodios
556 1464 589 1500 ae
598 1448 714 1500 totidem
720 1449 793 1500 oleil

86 1529 213 1574 trecenos
224 1538 333 1590 quoque
342 1532 482 1588 nummos,⁴
497 1539 567 1591 quos
576 1523 717 1590 pollicitus
729 1523 793 1575 olim

87 1597 192 1649 viritim
207 1598 315 1661 divisit3
335 1604 363 1651 et
376 1597 430 1650 hoo
444 1599 563 1665 amplius
578 1604 707 1649 centenos
721 1615 772 1665 pro
786 1616 793 1649 r

85 1673 211 1725 Annuam
225 1673 309 1725 etiam
323 1670 522 1724 habitationem
536 1672 640 1723 Romae
654 1688 741 1738 usque
757 1674 792 1724 ad

86 1745 176 1799 millia
185 1746 332 1807 nummum,
342 1746 459 1797 initalia
467 1761 523 1795 nou
532 1745 607 1796 ultra
618 1747 770 1813 quingenos
780 1764 793 1798 s

86 1821 143 1873 tios
160 1818 275 1870 remisit.
312 1817 422 1869 Adiecit
435 1818 545 1885 epulum
559 1833 592 1869 ac
606 1821 793 1874 visceratione]

86 1898 152 1961 post
164 1892 377 1957 Hispaniensem
395 1893 541 1944 victoriam
561 1893 616 1944 duo
641 1894 767 1960 prandia.

88 1982 171 2034 quum
181 1966 258 2033 prius
268 1981 351 2034 parce
360 1981 449 2032 neque
458 1982 509 2033 pro
525 1967 692 2020 liberalitate
707 1985 758 2020 sua
768 1987 793 2037 pr

86 2048 145 2093 tum
162 2040 311 2105 imitaret,
332 2041 428 2110 quinto
448 2048 513 2109 post
532 2042 577 2093 die
597 2043 673 2093 aliud
691 2043 792 2111 largIss

87 2115 222 2183 praebuit.

142 2189 271 2241 XXXIX.
291 2189 387 2241 Edidit
396 2191 554 2257 spectacula
563 2193 635 2243 varii
644 2194 765 2258 generis:
779 2210 793 2244 n

86 2264 298 2333 gladiatorium
319 2263 400 2316 ludos
411 2265 494 2316 etiam
504 2267 669 2332 regionatim
680 2268 752 2319 Urbe
762 2274 791 2319 to

87 2338 197 2407 quidem
208 2354 257 2406 per
267 2339 388 2391 omnium
399 2339 554 2406 linguarum
564 2339 724 2403 hIstriones3
743 2342 793 2394 iter

88 2428 191 2477 censes,
202 2411 330 2476 atlhetae,
340 2413 542 2466 naumachiam.
580 2416 695 2468 Munere
709 2417 739 2467 in
752 2416 793 2469 lor

86 2488 222 2556 pugnamt
237 2486 338 2539 Furius
356 2486 502 2555 Lepflnm,
527 2491 613 2558 stIrpe
630 2491 785 2557 praetoria,

89 2561 239 2629 Calpenus,
264 2567 376 2617 senator
399 2564 539 2631 quondam
567 2570 699 2632 actorque
723 2581 793 2618 caue

87 2634 270 2701 Pyrrhicham
283 2636 453 2690 saltaverunt
465 2639 547 2691 Asiae
560 2638 765 2707 Bithyniaeque
779 2657 793 2708 p

77 2709 252 2774 puniibcri.
291 2710 380 2767 Ludis
390 2713 521 2767 Decimus
530 2711 793 2782 Laberim,equesl
