1874 3060
111 194 162 251 298
214 202 241 247 C.
254 199 413 249 SUETONii
424 197 610 247 VITELLIUS.
633 199 702 247 GAP.
713 199 754 244 1¹1.
765 200 806 246 18.

112 321 248 390 quaedam
261 322 295 375 de
310 321 399 375 salute
412 320 579 389 Vespasiani
593 320 730 386 dicturus,
744 327 776 372 nt
787 321 906 373 custodi-

110 403 187 448 retur
203 396 314 448 interim
331 396 376 448 vel
393 396 422 447 in
442 410 570 459 earcere3
590 395 680 447 donee
697 395 827 462 religatis
844 402 907 462 post

109 480 188 538 terga
202 472 342 536 manibus,
361 471 464 522 iniecto
480 469 632 522 cervicibus
646 469 762 537 laqueo,
777 474 854 523 veste
868 469 906 521 di·

110 546 211 610 saissa,
226 545 384 596 seminudus
394 543 525 596 inferum
534 549 641 595 nantas
651 549 706 608 eat,
722 543 797 595 inter
805 558 904 613 niagno

110 634 202 672 rerum
215 619 416 687 verborumque
429 618 564 682 ludibria,
578 623 725 685 portatum
735 617 904 670 maneamne

110 693 243 760 epatium,
257 693 371 745 reducto
386 707 467 743 noma
482 693 586 759 capite,
602 691 740 744 oennoxii
750 692 856 755 solent,
866 697 904 745 at·

110 783 163 836 que
178 767 260 819 etiam
275 772 367 819 mento
382 782 512 818 mucrone
525 766 614 834 gladii
623 767 766 831 submoto,
776 771 808 817 nt
817 766 904 819 risen·

110 842 173 892 dam
183 841 327 908 praeberet
335 839 443 905 taciem,
453 856 521 893 neve
530 841 724 902 summitteret3
739 840 904 908 qubusdam

109 921 230 966 ateroore
241 920 269 967 et
278 929 365 969 coeno
375 915 589 979 incessantibus,
599 915 664 966 aliia
672 913 870 967 isemdiorissas
878 920 905 967 at

106 987 272 1056 patinarium
285 988 516 1054 vociferantibus,
531 996 610 1058 parte
619 988 696 1056 vulgi
710 989 795 1041 mann
806 1002 903 1056 eorpo-

108 1063 148 1114 ris
157 1063 227 1114 vitia
237 1065 420 1131 exprobrante
430 1066 504 1128 (erat
513 1063 585 1115 enim
594 1064 624 1117 in
634 1078 668 1115 eo
677 1063 800 1115 enormia
809 1076 903 1131 proee-

107 1137 191 1200 ritaa,
205 1137 291 1190 facies
301 1138 401 1189 maida
411 1138 571 1206 plerumque
581 1152 616 1189 ex
628 1137 797 1202 vinolentia,
811 1143 903 1193 venen

108 1212 221 1275 obesus,
236 1211 351 1263 alterum
361 1210 451 1264 femur
460 1211 615 1276 subdebile,
625 1211 749 1278 impulso
758 1211 828 1265 olim
838 1226 903 1279 qna·

108 1283 216 1351 drigae,
233 1300 314 1353 quum
330 1285 468 1353 auriganti
483 1286 552 1337 Caio
566 1286 783 1341 ministratorem
794 1284 902 1339 exhibe·

107 1361 176 1422 ret),
195 1359 305 1409 tandem
326 1360 399 1426 apud
420 1359 571 1412 Gemonias
589 1360 784 1413 minutissimis
802 1360 903 1415 ictibus

108 1433 319 1485 excarnificante
332 1440 414 1501 atque
429 1433 570 1487 confectus
583 1440 639 1499 eat,
650 1440 678 1487 et
690 1434 756 1489 inde
765 1450 840 1491 alnoo
849 1441 901 1487 tta·

108 1511 168 1558 etus
177 1507 207 1557 in
217 1507 350 1559 TiberIm.

162 1579 264 1634 xvnl.
283 1581 370 1634 Periit
383 1598 445 1634 oum
458 1581 544 1635 fratre
558 1588 586 1635 et
599 1582 675 1647 ulio,
685 1596 760 1637 uino
773 1583 849 1637 vitae
862 1596 901 1637 se·

106 1656 193 1725 ptimo
214 1661 242 1708 et
261 1657 507 1725 quinquagesimo:
526 1672 578 1710 neo
594 1656 696 1710 fefellit
715 1657 900 1711 eonieotnrans

107 1744 215 1796 eornm,
230 1732 278 1800 qui
289 1732 419 1798 augurio,
433 1731 508 1797 qnod
522 1730 626 1784 iactum
640 1731 667 1782 ei
676 1730 804 1787 Viennae
813 1737 899 1785 osten·

108 1803 210 1870 dimna,
226 1820 282 1856 non
297 1804 373 1856 alind
387 1805 516 1872 portendi
528 1806 737 1871 praedixerant,
747 1819 898 1874 quamam·

104 1884 196 1930 ouum
219 1879 248 1929 in
271 1879 389 1930 alieuius
414 1876 553 1930 Gallicani
574 1879 694 1933 neminie
717 1885 896 1948 potamon:

105 1951 242 2020 siqnidem
262 1952 298 2003 ab
316 1953 436 2004 Antonio
455 1951 549 2005 Primo
555 1991 564 2018 ,
584 1953 763 2007 adranam
782 1953 895 2023 parsu

106 2025 184 2090 dnae,
197 2039 344 2093 oppressus
355 2032 408 2089 est,
420 2026 478 2091 eui,
488 2027 611 2080 Tolosae
619 2033 696 2093 nato,
708 2027 895 2099 wgnonasnin

105 2100 225 2169 pueritia
233 2099 322 2154 Beooo
333 2100 432 2154 inerat.
470 2100 879 2172 lavaletgalunaoeirortmn

404 2372 599 2402 -ψ--ι
