1822 3068
146 135 197 195 tis
264 128 268 136 '
422 140 450 187 o.
477 134 663 189 sonronrr

144 258 204 319 iiio
214 264 321 330 Druso,
332 264 488 333 quuqnsm
497 261 567 314 bene
577 258 781 314 convenientem

163 340 300 405 rumdam,
310 338 461 402 dimittere,
477 351 511 388 ac
519 337 632 400 iniiam,
642 336 759 404 Augusti
770 334 791 388 ti

140 356 236 466 {entim
251 419 365 466 cotesto
379 416 421 464 ast
435 411 546 473 ducere3
570 424 626 462 nou
642 411 700 462 sine
714 424 791 479 magn

142 488 242 552 animi,
262 496 346 556 anrnt
360 492 388 538 et
397 484 565 553 Agrippinae
579 485 778 537 consuetudine

140 569 171 614 'et
184 562 272 614 lniits
285 571 377 614 mores
387 556 574 627 lutproboret,
592 565 627 610 nt
645 574 728 627 quam
745 572 791 612 sen

142 650 253 706 quoqne
273 634 437 702 subpriore
456 634 557 684 morito
577 640 762 701 appetentem,
783 650 791 684 ι

142 710 225 778 uulgo
237 711 320 762 etiam
335 706 554 759 existimabatur.
593 707 648 760 Sed
658 709 791 777 Agrippln

134 784 232 852 egisse
240 789 306 852 post
316 782 464 833 divortium
476 781 578 845 doluit,
593 787 621 834 et
630 783 714 834 semel
724 795 791 834 omn

140 872 227 910 cursu
233 858 322 909 visam
333 856 402 908 adeo
415 857 550 908 contentis
560 861 588 906 et
596 857 765 908 tumentibus
777 872 791 909 o

140 937 250 984 secutus
260 936 314 997 est,
329 936 362 982 nt
372 929 539 982 custoditum
550 929 599 994 sit,
609 944 644 981 ne
652 933 791 998 unquami

141 1012 214 1058 mum
225 1002 533 1074 eiospostbacvenirat.
563 1003 631 1055 (ium
641 1002 713 1055 lulla
723 1006 791 1071 prim

140 1076 245 1133 ditarat
254 1094 348 1132 amore
357 1084 453 1130 stoma
462 1079 545 1129 vixit:
555 1092 621 1129 mox
632 1077 791 1144 disseditet

139 1155 299 1223 graviusut
306 1153 390 1205 etiam
401 1158 534 1220 perpetuo
545 1153 791 1216 secubaratinterc

140 1229 231 1280 monis
240 1228 293 1279 iiiii
300 1228 426 1295 pignore,
433 1227 481 1294 qui
490 1225 634 1294 Aquileiae
642 1235 725 1279 uatus
734 1225 791 1279 inis

140 1307 262 1355 maest.
291 1300 413 1352 Dmsnm
423 1299 736 1353 iramamluGermania
747 1317 791 1354 am

140 1386 254 1444 corpus,
274 1374 392 1445 pedibus
403 1380 466 1427 toto
480 1374 580 1426 itinera
593 1376 790 1444 praegrediens

139 1462 228 1518 usqne
257 1450 370 1502 emerit.

248 1524 269 1577 l.
290 1522 419 1576 civilium
434 1521 589 1575 officiorum
602 1523 767 1576 rudimentis
785 1540 791 1577 i

140 1599 280 1665 cheinnin,
296 1596 456 1650 'liciliauos
468 1603 496 1649 et
505 1596 668 1662 lbeasalos,
678 1599 791 1668 rariaq

140 1688 239 1738 causa,
250 1675 374 1741 Angusto
386 1677 582 1740 cognoscente,
597 1671 729 1724 defendit.
768 1672 791 1724 Ρ

140 1749 225 1812 canu,
236 1744 424 1815 Thyatirenis,
437 1744 526 1809 cutis,
535 1751 627 1797 tarrae
636 1752 716 1798 motu
726 1747 791 1799 aiiiis

141 1837 194 1889 qua
208 1820 435 1889 implorantibus,
456 1826 581 1872 senatrun
600 1820 791 1888 deprecatose

139 1895 217 1948 nium
229 1894 404 1962 Caepionem,
416 1895 464 1962 qni
474 1910 536 1945 cum
545 1893 672 1946 Varrone
682 1895 791 1948 Marem

140 1974 214 2022 stum
234 1966 453 2037 conspiraverat,
473 1980 550 2020 rcum
569 1968 724 2020 maiestatis
740 1984 791 2038 apo

139 2042 456 2096 iecitetcondemnsvit.
481 2041 686 2112 intorquebant:
697 2043 791 2112 duplic

139 2116 508 2182 communicationum,
520 2132 591 2185 quae
602 2117 691 2169 artior
700 2119 791 2172 incide

139 2193 349 2263 purgandorum
356 2197 419 2243 tota
429 2191 512 2243 ltalia
526 2191 742 2258 ergastulorum,
765 2209 791 2261 qs

140 2269 211 2322 mini
220 2269 249 2320 ln
258 2265 392 2319 invidiam
401 2271 545 2330 reserant,
557 2267 639 2334 quasi
648 2272 782 2334 exceptos

140 2349 211 2408 rent,
222 2358 278 2394 non
289 2337 380 2394 solum
389 2341 520 2405 viatores,
531 2341 581 2392 sed
592 2348 619 2393 at
628 2356 699 2409 qnos
709 2356 791 2396 sacra

139 2425 186 2470 tus
197 2417 233 2469 ad
242 2414 403 2468 bnimmodl
412 2414 534 2467 latebras
544 2416 733 2484 compulisset.

198 2487 248 2544 ix.
269 2489 414 2558 Stipendia
423 2489 514 2557 prima
529 2490 704 2557 expeditione
717 2491 791 2545 cant

140 2564 231 2616 bouus
240 2566 360 2617 miiitum
369 2563 448 2616 ieclts
460 2563 567 2629 deiude,
578 2565 662 2617 ducto
673 2565 791 2620 adonin

133 2640 209 2703 ertu,
225 2654 342 2709 regnum
352 2638 497 2692 Armeniae
508 2639 770 2710 ligranirestituit,
787 2659 791 2695 t
