1822 3068
93 119 124 171 32
366 118 393 164 (i.
416 116 601 165 SUETONll
625 156 628 161 .

94 247 200 312 bnsqne
211 242 307 311 copiis,
319 255 388 308 quas
401 240 531 306 subsequi
544 239 675 304 iusserat,
691 254 774 308 quum
789 239 826 291 ml
839 254 884 292 ac·

97 318 241 372 censendas
250 316 353 368 trustra
361 328 443 381 saepe
452 313 581 378 misisset,
586 314 734 365 novissime
744 315 804 383 ipse
814 313 884 366 clam

96 400 182 446 noctu
189 391 333 459 parvulum
341 387 481 455 navigium
491 388 568 438 solus
578 387 710 439 obvoluto
722 389 812 455 capite
821 403 884 440 oon·

98 467 214 520 scendits
224 479 313 532 neque
323 468 372 513 aut
380 462 442 530 quis
452 467 524 513 essct
533 469 596 514 ante
607 462 718 526 detexit,
729 467 779 513 aut
786 462 883 530 guber-

97 547 222 594 natorem
232 539 327 592 cedere
338 536 468 589 adversae
477 534 633 604 tempestati
641 543 796 604 passueest,
802 551 884 605 quam

97 631 184 684 paene
194 615 308 666 obrutus
317 610 454 662 fluctibus.

153 689 226 740 LIX.
245 686 287 738 Ne
300 685 433 752 religione
453 684 562 752 quidem
581 684 640 736 ulle
660 699 831 753 {iquoquam
842 685 882 736 ln·

100 768 177 831 cepto
188 761 350 813 absterritum
358 774 478 826 uuquam
486 759 531 811 vel
539 759 694 810 retardatus
704 765 755 810 est.
796 759 884 820 Qmsm

98 836 253 888 immolanti
262 833 414 901 aufirglsset
423 832 526 897 hostia,
546 832 882 900 proiectionemadversus

100 911 255 978 Scipionem
268 915 297 961 et
305 909 400 959 lnbam
414 922 470 973 uon
482 907 598 959 dismlit.
636 906 788 975 Prolapsus
801 908 883 959 etiem

97 987 128 1036 in
137 1000 248 1052 wesen
256 984 346 1048 navis,
366 997 445 1033 verso
461 981 497 1032 ed
510 981 607 1034 melius
622 982 724 1046 omine,
749 979 835 1034 Teneo
849 989 882 1043 te,

98 1060 197 1126 inquit,
208 1057 312 1129 Africa.
350 1056 392 1107 Ad
405 1056 553 1108 eludendas
563 1062 654 1108 autem
663 1056 881 1118 vaticinationes,

21 1145 36 1154 '·
100 1134 199 1202 quibus
207 1133 275 1184 felix
286 1137 313 1183 ct
321 1130 533 1182 invictuminee
542 1130 685 1197 provincia
694 1129 817 1182 fataliter
827 1128 882 1182 Sci·

98 1209 212 1276 pionum
225 1221 324 1258 nomen
333 1204 484 1270 ferebamur,
505 1203 739 1270 despectissimum
750 1203 881 1272 queniam

100 1297 134 1334 ex
145 1280 334 1333 Corneliorum
342 1294 452 1346 genere,
465 1279 509 1328 cui
518 1277 555 1327 ed
565 1278 743 1344 opprobrium
752 1279 826 1330 vitae
835 1276 880 1330 es-

99 1357 200 1408 lutioni
210 1369 360 1422 cognomen
371 1359 438 1416 crat,
448 1353 477 1402 ln
487 1352 585 1403 castris
595 1367 686 1403 secum
696 1350 801 1403 habuit

155 1429 215 1480 Lx.
234 1426 346 1480 Proelia
355 1432 524 1479 nontuntum
538 1426 688 1490 destinato,
703 1426 752 1478 sed
762 1441 797 1478 ex
806 1439 879 1478 occe·

100 1504 323 1564 sionesnmebat3
343 1517 377 1553 ac
385 1516 467 1568 saepe
477 1501 512 1551 eb
521 1501 619 1552 itinere
628 1501 735 1564 statim,
749 1500 880 1553 interdum

98 1577 283 1648 spurcissimis
292 1576 510 1642 tempestatibus,
532 1589 614 1641 quum
627 1575 738 1627 minime
752 1576 815 1642 quis
826 1588 879 1625 no·

98 1661 191 1705 turum
209 1656 331 1719 putaret3
354 1664 406 1700 nec
417 1648 472 1698 nisi
484 1654 607 1714 tempore
621 1655 741 1701 extremo
756 1650 793 1701 au
806 1648 879 1701 oini-

101 1726 218 1779 caudum
231 1723 384 1775 cunctatior
396 1720 486 1771 factus
500 1727 552 1784 est3
573 1737 627 1788 quo
642 1724 752 1790 saepius
767 1723 878 1783 vicisset,

100 1799 153 1851 hoc
166 1799 255 1849 minus
270 1795 448 1862 experiendos
463 1808 543 1846 casus
557 1797 686 1865 opinans3
714 1795 836 1866 nihilque
853 1808 879 1847 se

97 1879 205 1926 tantum
219 1870 415 1938 acquisiturum
428 1869 558 1934 victoria,
574 1877 705 1938 quantum
720 1871 827 1924 auferre
840 1884 878 1922 cs·

99 1947 209 1999 lamitas
218 1950 320 2013 posset.
358 1942 469 1995 Nullum
479 1959 599 2011 unquam
608 1943 714 1997 hostem
723 1945 808 2011 fudit,
819 1944 879 2012 quln

100 2022 198 2074 castris
208 2035 316 2088 quoque
327 2024 448 2070 exureretz
466 2019 508 2069 ita
516 2019 621 2070 nullum
631 2019 749 2086 spatium
758 2017 879 2089 perterri-

98 2098 136 2148 tis
150 2095 243 2146 (labat.
280 2094 400 2160 Ancipiti
413 2094 520 2160 proelio
535 2109 621 2160 eques
631 2093 800 2159 dimittebat,
820 2093 878 2146 etin

99 2171 196 2240 primis
205 2184 297 2233 suum,
318 2184 372 2235 quo
387 2168 477 2219 maior
489 2168 667 2234 permanendi
675 2170 825 2222 necessitas
834 2167 877 2219 lm·

98 2250 253 2315 poneretur,
265 2243 369 2295 auxilio
380 2241 461 2309 fugae
471 2248 573 2310 erepto.

154 2319 228 2370 LXI.
247 2318 380 2369 Utebatur
390 2323 480 2368 autem
491 2332 561 2384 equo
570 2317 685 2384 insigni,
696 2319 813 2385 pedibus
822 2330 877 2384 pro·

99 2410 134 2462 pe
143 2392 281 2457 humanis,
302 2398 330 2444 et
341 2392 491 2443 inmodum
501 2391 649 2458 digitorum
659 2391 878 2460 ungulisscinise

101 2473 284 2536 quemnatum
295 2467 414 2533 spudeo,
426 2482 508 2534 quum
518 2464 677 2534 haruspices
686 2467 831 2536 imperium
840 2477 877 2517 or·

98 2543 142 2593 bis
151 2550 240 2594 terrae
251 2541 405 2610 significare
415 2541 526 2594 domino
539 2542 775 2609 pronunciassent,
785 2550 879 2607 magno

97 2631 164 2666 cura
185 2616 267 2668 aluitt
289 2632 340 2670 nec
352 2617 499 2686 patientem
513 2616 630 2671 sessoris
648 2616 762 2671 alterins
780 2616 878 2685 primns
