1874 3060
279 208 411 255 GALBA.
447 208 524 256 GAP.
543 210 625 256 6-9.
800 208 849 262 269

54 334 166 396 voluto,
188 337 271 400 atque
279 330 382 383 ibidem
392 330 528 396 reuelato,
549 332 608 383 eins
619 338 703 396 esset,
725 333 760 384 ad
770 349 849 402 quem

55 415 154 477 sponte
164 423 195 459 se
205 422 223 458 a
232 412 301 473 potu
310 406 466 474 recepisset.

109 481 187 534 Vlll.
208 480 250 531 Ob
263 496 308 531 res
322 486 351 531 et
361 485 427 530 tuuc
440 481 470 530 in
480 479 574 531 Africa
584 486 612 532 et
622 480 687 532 olim
697 481 727 531 in
738 480 850 533 Germa-

56 558 103 609 nis
111 562 206 624 gestas
217 559 378 606 ornamenta
386 552 566 621 triumphalia
580 555 698 622 accepit,
719 561 747 606 et
762 570 851 607 sacer-

57 632 163 683 dotium
172 629 283 697 triplex,
293 629 365 680 iuter
375 629 618 695 quindecimviros,
630 629 794 696 sodalesque
804 630 852 680 Ti·

58 707 126 769 tios,
146 705 213 755 item
222 702 399 770 Augustales,
420 708 579 769 cooptatum
601 710 683 772 atque
697 718 731 755 ex
742 718 775 754 eo
785 708 851 755 tem·

58 794 124 847 porc
133 793 222 847 prope
233 776 392 828 adNeronis
401 777 521 827 medium
531 778 714 843 principatum
726 778 755 827 in
765 792 851 830 seces-

59 870 91 905 su
99 852 249 921 plurimum
258 851 340 915 vixit,
350 866 385 902 ne
395 850 431 901 ad
440 850 601 918 gestandum
612 852 721 919 quidem
730 867 852 919 unquam

61 926 169 996 [aliter]
179 926 235 977 iter
242 925 396 992 ingressus,
418 939 499 990 quam
509 931 541 975 nt
550 940 641 976 secum
651 924 777 978 vehiculo
788 942 852 995 pro-

59 1003 134 1055 xime
144 1000 237 1053 decies
246 999 400 1051 sestertium
411 999 441 1049 in
451 1013 518 1050 auro
531 998 651 1063 efferret,
668 1000 755 1052 donec
763 1002 793 1051 ln
804 1017 852 1068 op·

60 1076 123 1143 pido
132 1074 240 1127 Fundis
249 1073 370 1125 moranti
379 1073 517 1138 Hispania
527 1073 743 1125 Tarraconensis
758 1075 854 1125 oblata

60 1156 107 1203 est.
145 1148 320 1216 deciditque,
330 1154 374 1211 ut,
387 1162 468 1214 quum
479 1147 650 1214 provinciam
659 1147 800 1214 ingressus
810 1162 853 1199 sc·

60 1224 197 1277 rrlllcarct
213 1223 289 1274 intra
309 1220 403 1272 aedem
418 1221 568 1287 publicam,
590 1237 675 1289 puero
691 1238 706 1273 e
719 1222 853 1273 ministris

61 1312 184 1351 mnam
193 1295 297 1347 tenenti
307 1295 424 1361 capillus
433 1302 544 1362 repente
554 1302 615 1347 toto
627 1297 718 1363 capite
728 1312 853 1348 canesce-

61 1378 110 1425 ret.
148 1370 209 1425 Nec
218 1368 371 1434 defuerunt,
382 1369 431 1438 qui
439 1370 692 1437 interpretarentur,
702 1371 855 1437 significari

61 1462 152 1501 rerum
171 1445 364 1507 mutationem,
385 1458 627 1509 successurumque
645 1445 738 1495 iuveni
754 1460 853 1507 senem,

61 1520 115 1574 hoc
127 1526 185 1584 est,
204 1520 295 1586 ipsum
309 1516 422 1569 Neroni.
460 1516 519 1568 Nec
537 1517 624 1566 multo
638 1522 704 1585 post
715 1516 746 1566 in
756 1517 855 1568 Canta·

62 1597 139 1649 briae
148 1594 240 1645 lucum
250 1590 353 1644 fulmen
364 1590 480 1654 decidit,
490 1596 669 1657 repertaeque
679 1593 743 1640 sunt
753 1589 855 1641 duode-

63 1672 114 1723 cim
123 1683 248 1731 secures‚
258 1665 332 1718 haud
343 1665 500 1731 ambiguum
511 1664 611 1715 summi
619 1663 730 1730 imperii
739 1663 855 1730 signum.

114 1744 166 1797 IX.
185 1742 239 1794 Per
250 1746 313 1793 octo
324 1755 412 1791 anuos
421 1739 498 1790 varie
513 1744 540 1789 et
553 1737 737 1806 inaequaliter
747 1737 856 1804 provin·

63 1821 133 1871 dam
141 1818 225 1871 rexit.
263 1814 357 1867 Primo
369 1829 439 1877 acer,
451 1811 644 1876 ctvchemens,
655 1811 721 1863 etin
732 1812 857 1863 codrcen-

64 1894 105 1945 dis
114 1892 227 1961 quidem
237 1889 346 1941 delictis
356 1889 401 1940 vel
409 1887 582 1939 immodicus.
616 1885 687 1937 Nam
698 1891 726 1938 et
734 1901 857 1937 nummu·

63 1967 133 2019 lario
139 2004 152 2032 „
163 1981 219 2018 nou
230 1979 264 2016 ex
274 1963 327 2015 tide
336 1963 458 2014 versanti
467 1962 611 2029 pecunias,
626 1977 723 2012 uranus
734 1967 858 2030 amputa·

62 2043 114 2106 vit,
133 2053 300 2106 mensaeque
310 2038 369 2089 eius
380 2037 480 2097 niuniu
500 2042 528 2087 et
535 2043 668 2100 tutorem,
685 2035 759 2105 quod
769 2036 858 2104 pnpil-

62 2116 130 2182 lum,
157 2115 203 2167 cui
222 2112 387 2164 substitutus
407 2109 485 2161 heres
505 2116 577 2174 crat,
600 2125 703 2163 veneno
724 2118 858 2174 necasset,

63 2206 142 2243 auce
158 2188 265 2251 affecit,
284 2185 499 2253 implorantique
514 2183 600 2250 leges,
621 2191 648 2236 et
663 2186 749 2236 civem
758 2184 859 2236 Roma·

62 2280 126 2317 num
145 2280 176 2317 se
196 2261 370 2324 testificanti,
392 2259 472 2327 quasi
486 2257 587 2310 solutio
603 2265 630 2309 et
643 2257 748 2309 honore
764 2257 858 2324 aliquo

61 2354 180 2410 poenam
190 2338 343 2398 levaturus,
363 2332 466 2384 mutari
480 2331 621 2400 multoque
636 2337 745 2398 praeter
755 2335 860 2380 ceteras

62 2414 191 2467 altiorem
203 2416 231 2463 et
240 2409 397 2461 dealbatam
408 2406 494 2458 statui
504 2422 610 2458 crucem
620 2406 711 2456 iussit.
749 2401 860 2453 Paulla-

61 2490 112 2541 tim
121 2489 154 2540 in
163 2485 299 2539 desidiam
311 2482 507 2549 segnitiemque
519 2495 666 2532 conversus
680 2484 733 2541 est,
749 2475 861 2543 nequid

61 2562 197 2615 materiae
216 2559 361 2627 praeberet
380 2555 497 2618 Neroni,
518 2561 558 2617 et,
581 2560 613 2605 ut
632 2553 724 2603 dicere
743 2549 860 2613 solebat,

62 2638 134 2705 quod
142 2650 219 2689 nemo
229 2631 360 2685 radonem
375 2629 425 2681 otii
437 2628 479 2681 sui
491 2629 598 2680 reddere
609 2634 755 2694 cogeretur.
796 2624 861 2675 Car-

61 2710 178 2783 thagine
191 2723 267 2763 nova
281 2710 443 2760 conventum
461 2717 558 2771 agens,
577 2699 739 2753 tumultuari
754 2698 861 2751 Gallias
