1822 3068
102 192 151 245 352
382 190 409 236 0.
431 187 619 237 suarum!

103 317 157 370 Sed
167 330 250 385 quum
261 314 389 366 edoceret
402 313 458 363 iam
471 302 573 362 multos
584 325 619 363 ac
627 310 751 376 nobiles,
765 307 875 361 inhislu·

101 393 170 442 lium
184 389 346 451 Antonium,
359 385 497 437 triumviri
514 384 615 449 lilium,
629 391 663 436 ut
675 383 774 437 Verrio
789 397 875 454 quoquo

102 465 204 516 Flacco
239 466 461 530 compararetur,
496 459 614 510 dimissa
646 465 758 526 repente
789 456 874 520 schola,

101 538 213 590 transiit
225 538 260 588 ad
272 536 305 597 Q.
317 535 404 587 Sextii
413 530 572 602 philosophi
582 537 698 585 somam.

158 613 233 663 XIX.
254 610 426 662 Scarnourus
447 608 663 672 homoousios,
684 607 786 659 Orbilii
801 620 875 675 mnus

104 692 186 755 atque
196 683 355 751 discipulus,
365 696 431 733 mox
441 681 618 745 aScribouia‚
623 679 743 734 Libonis
752 681 815 745 lilia,
822 692 875 747 quas

102 758 301 828 priorliugusti
310 772 381 808 uxor
391 755 489 819 hietat,
500 755 660 820 redemptus
670 761 699 806 et
707 755 875 815 mmnmissus,

103 834 210 897 domuit,
230 847 284 898 quo
298 829 413 882 Verrius
427 834 562 897 tempore,
579 829 660 880 cuius
675 830 761 883 ctiam
774 826 876 881 lihrisle

102 904 295 976 orthographia
305 904 455 972 rescripsit,
465 918 521 955 uon
531 902 590 954 sine
600 903 785 956 insectatione
793 902 876 955 sudio

101 996 162 1033 rum
172 994 332 1046 morumque
343 979 410 1028 eius.

157 1053 219 1106 XX.
241 1053 270 1104 C.
282 1052 380 1103 lunius
390 1051 535 1114 llromns,
545 1050 666 1118 Augusti
676 1051 875 1117 libertos,uatio

103 1144 137 1180 ne
157 1128 299 1193 Hispanus
320 1125 458 1190 (nonnulli
471 1124 689 1176 Alexandrinum
708 1131 812 1194 putant,
828 1130 876 1176 eta

103 1203 221 1253 Caesare
235 1216 349 1268 puerum
363 1200 479 1251 Romam
494 1197 656 1264 adductum,
672 1199 833 1252 Alexandria
844 1211 875 1249 aa·

101 1279 175 1344 pta),
197 1274 321 1325 studiose
341 1279 369 1324 et
388 1273 477 1324 audiit
496 1277 524 1323 et
536 1272 669 1324 imitatus
684 1280 727 1326 est
742 1272 876 1326 Consum

102 1347 298 1411 Alexandrum,
310 1348 518 1414 grammaticum
530 1344 682 1413 Graecum,
694 1363 775 1415 quem
783 1353 875 1418 proper

102 1422 276 1490 antiquitatis
299 1422 428 1474 notitiam
448 1419 641 1488 Polyhs'storem
663 1423 764 1488 multi,
786 1420 877 1491 quida

102 1495 251 1548 Historiam
265 1496 411 1548 vocabant.
449 1493 574 1546 Praeiuit
588 1493 737 1548 Palatinae
754 1492 877 1548 bibliotho-

104 1587 170 1622 cae:
188 1586 240 1622 nec
259 1585 292 1622 eo
313 1571 402 1621 secius
416 1569 550 1636 plurimos
563 1567 679 1632 docuit;
699 1564 876 1640 iuitquciaui·

103 1646 267 1695 liarissimus
282 1644 382 1695 ovidio
403 1649 501 1711 poetae
521 1649 549 1693 ct
568 1644 599 1694 c.
615 1642 729 1697 Licinio
750 1642 876 1703 consulari,

102 1718 256 1771 historico:
277 1719 402 1785 quicum
418 1716 564 1768 admodum
583 1732 736 1785 pauperem
750 1719 877 1772 deoesdss

102 1793 197 1857 tradit,
204 1799 232 1845 et
240 1792 407 1844 liberalitate
417 1806 476 1855 sua,
488 1790 580 1858 quoad
590 1792 877 1858 maritansteutatan.

103 1867 194 1917 Huius
208 1867 322 1918 libertus
332 1866 386 1917 tuit
394 1866 481 1916 lulius
489 1864 647 1930 Modestus,
661 1867 691 1917 in
706 1867 805 1920 studiis
815 1873 878 1932 mque

103 1941 230 1991 doctrina
239 1940 357 2006 vestigia
366 1939 476 2008 patroni
486 1945 603 1990 secutus.

159 2014 233 2064 xxi.
255 2013 458 2078 G.Mnn1ssus,
470 2012 682 2080 spaletinam,
693 2009 880 2084 ingenuusaei

104 2089 140 2139 ob
151 2086 318 2137 discordiam
329 2094 472 2154 parentum
482 2087 636 2154 expositus,
649 2105 718 2140 arua
729 2096 757 2142 ct
764 2087 881 2141 industris

103 2161 260 2213 educatoris
272 2162 316 2212 sui
325 2162 428 2212 altiora
437 2162 530 2213 studia
539 2163 681 2229 percepit:
703 2179 737 2214 ac
746 2159 881 2216 Maecenati

102 2252 153 2304 pro
173 2236 353 2303 grammatico
375 2236 456 2287 datus
475 2242 517 2287 est
534 2237 651 2288 muneri.
696 2238 750 2289 Cui
769 2253 845 2306 quum
859 2247 881 2285 st

102 2316 211 2378 gratum
222 2317 250 2362 et
265 2315 405 2377 acceptum
415 2311 444 2360 in
455 2310 565 2361 modum
577 2311 662 2362 amici
675 2311 791 2377 videret,
805 2324 880 2382 quau·

104 2400 186 2452 quam
197 2390 333 2436 asserente
344 2390 443 2448 matre,
454 2385 605 2452 permansit
614 2389 708 2437 tamen
719 2387 750 2438 in
760 2393 832 2439 statu
839 2398 880 2436 scr·

102 2459 217 2520 vitutis;
246 2465 469 2526 praesentemque
489 2459 677 2511 conditionem
695 2475 780 2514 verae
799 2457 881 2528 odgini

104 2532 268 2598 anteposuit.
309 2533 400 2594 Quare
411 2534 465 2583 cito
476 2534 670 2600 manumissus,
680 2534 807 2604 Augusto
817 2535 880 2588 eum

103 2607 256 2655 insinuatus
267 2613 326 2657 est:
347 2622 400 2673 quo
413 2606 563 2672 delegante,
575 2624 672 2660 carram
682 2611 882 2664 ordinandum

98 2677 334 2735 bibliothecarum
350 2682 384 2734 in
400 2681 531 2732 Octaviae
551 2684 664 2749 porticu
684 2688 817 2758 suscepit
848 2683 882 2734 lt·
