1874 3060
234 197 432 246 CALIGULA.
465 198 545 247 0Al’.
563 201 678 247 22—24·
812 202 862 257 1⁷1

64 320 171 374 Romae
185 318 339 373 honoribus
351 319 485 375 functum
522 320 608 372 Aviae
620 321 757 377 Antoniae
774 340 862 379 serre·

63 402 123 447 tum
141 395 248 463 petenti
266 395 424 462 denegavit,
444 395 500 447 nisi
517 401 550 446 ut
568 396 745 449 interveniret
763 396 861 453 Macro

63 469 230 537 praefectus.
267 469 307 521 Ae
315 485 365 537 per
373 469 534 521 istiusmodi
542 469 721 536 indignitates
731 472 862 527 etteedie

63 558 151 596 eausa
159 544 267 596 exstitit
275 544 387 606 mortis;
401 543 468 595 dato
478 549 579 608 tamen,
589 550 621 595 ut
630 543 743 612 qrridam
752 552 861 615 putant,

62 618 148 669 etiem
166 633 282 670 veneno.
319 618 378 671 Nee
397 617 542 670 defunctae
561 617 649 681 ullum
662 616 795 673 bonorem
810 616 860 673 lta·

61 692 135 744 buitr
154 693 351 760 prospexitque
360 708 376 744 e
386 692 508 744 triclinio
519 691 659 745 ardentem
668 706 776 760 rogum.
789 693 858 747 Fra·

61 767 278 818 trem'l'iberinm
287 767 600 834 inopinantem,repeute
609 767 733 819 immisso
744 767 856 822 tribuno

61 840 188 905 militnm,
199 841 346 893 interemit.
372 840 497 893 Silanum
505 841 571 893 item
581 856 707 894 socerum
717 841 753 893 ad
762 857 857 897 renem

61 914 249 983 secandasque
262 915 399 967 novacula
412 914 507 966 fauces
521 915 666 982 compulit:
687 922 816 969 causatus
826 917 857 971 lu

61 995 192 1058 utroque,
214 989 289 1058 quod
303 987 348 1040 hie
360 990 514 1056 ingressum
527 1005 557 1041 se
566 990 705 1041 turbatius
715 1005 790 1043 maro
800 1006 857 1045 neu

62 1068 134 1114 esset
143 1070 266 1127 secutus,
288 1079 321 1115 ae
330 1079 379 1132 spe
389 1062 544 1130 occupandi
554 1063 667 1128 Urbem,
686 1065 711 1115 si
726 1064 857 1135 quidsibl

62 1143 296 1206 pertempestates
310 1137 459 1201 accideret,
479 1137 667 1200 remansisset,
686 1137 735 1190 ille
749 1139 858 1192 antido·

61 1218 118 1262 tum
140 1210 306 1274 oboluisset,
327 1212 407 1279 quasi
426 1211 462 1263 ad
481 1211 671 1278 praecavenda
687 1226 792 1265 venena
807 1228 859 1267 sua

62 1292 212 1353 sumptumr
242 1301 325 1355 quum
344 1291 372 1338 et
386 1286 497 1339 Silanus
516 1286 718 1354 impatientiam
736 1302 858 1341 nauseae

60 1360 176 1412 vitasset
185 1366 213 1412 et
221 1360 377 1412 molestiam
389 1359 552 1427 navigandi,
568 1366 595 1412 et
605 1360 733 1413 Tiberius
743 1369 857 1431 propter

61 1433 202 1485 assiduam
225 1439 253 1486 et
275 1435 508 1502 ingravesoentem
529 1435 628 1485 turrim
655 1434 855 1489 medicamento

59 1523 126 1559 usne
140 1513 223 1560 esset.
260 1508 333 1560 Nam
349 1506 549 1575 [streeessorem
569 1507 692 1576 imperii]
709 1507 855 1561 Claudium

58 1588 188 1649 patruum
197 1597 254 1634 non
264 1583 319 1635 nisi
328 1582 357 1633 in
367 1582 516 1635 ludibrium
526 1581 685 1633 reservavit.

113 1655 217 1708 XXIV.
238 1657 307 1709 (lum
320 1657 448 1710 omnibus
463 1656 608 1708 sororibus
623 1655 681 1705 suis
691 1655 780 1722 etupri
791 1671 854 1709 eon·

59 1731 234 1783 suetudinem
247 1730 325 1793 leoit3
348 1732 486 1798 plenoque
501 1729 628 1782 convivio
643 1728 767 1796 singulas
781 1728 856 1784 inira

58 1805 397 1869 mrielssimeollocabat,
407 1804 725 1873 uxoresupreeubante.
758 1801 854 1857 Exhls

58 1878 212 1931 Drnnillum
221 1880 334 1933 vitiasse
343 1879 485 1947 virginem,
491 1883 678 1948 praetextatus
689 1874 786 1945 adhue,
798 1893 854 1931 ore·

57 1953 142 2018 ditur,
153 1960 236 2023 atque
246 1955 329 2006 edam
339 1955 370 2005 iu
379 1954 528 2007 eouetsbitu
538 1954 597 2005 eius
608 1952 748 2020 quondam
759 1952 853 2021 depre-

56 2025 158 2081 hensns
169 2030 204 2080 ab
216 2029 279 2080 aria
288 2028 417 2092 Antonia,
429 2027 502 2096 apud
513 2043 595 2095 quem
605 2027 688 2079 simul
698 2027 852 2081 educaban-

54 2108 110 2155 tur.
148 2102 219 2154 Mox
227 2102 317 2156 Lueio
328 2100 426 2155 Cassio
436 2102 564 2169 Longino
580 2101 722 2154 consulari
731 2102 851 2155 colloca·

53 2183 112 2228 tam
126 2176 257 2241 abduxit,
277 2178 348 2230 etin
361 2176 474 2229 modum
486 2177 577 2229 iustae
590 2176 687 2228 uxoris
705 2176 852 2244 propalam

53 2248 161 2305 babuit.
199 2251 336 2304 Heredem
355 2266 465 2320 quoque
484 2251 620 2303 bonorum
641 2256 723 2317 atque
741 2249 852 2317 imperil

54 2339 137 2394 aeger
145 2326 277 2378 instituit.
314 2325 418 2377 Eadem
429 2323 570 2389 defuneto,
590 2324 727 2376 iustitium
736 2323 851 2387 iuditlt3

51 2399 81 2450 in
92 2415 148 2469 quo
159 2400 269 2463 risisse,
288 2400 402 2463 lavisse,
416 2414 547 2452 coenasse
558 2415 619 2452 eum
629 2397 790 2466 parentibus
801 2402 850 2449 unt

53 2475 173 2543 ooniuge
188 2475 329 2539 liberisue,
349 2473 453 2543 capitul
465 2473 528 2525 init.
565 2474 605 2524 Ae
619 2471 753 2523 maeroris
763 2471 850 2537 impa-

52 2549 137 2614 tiens,
160 2565 244 2619 quum
258 2555 368 2617 repente
381 2554 520 2617 noctuque
534 2546 703 2615 profugisset
717 2545 752 2597 ub
768 2544 850 2609 Urbe,

51 2622 669 2692 ommrmsetquecempantem,syreeums
678 2619 766 2688 petiit.
781 2618 850 2669 llur·

51 2693 850 2768 susqueindepropereredllt,barbaoapllloquepromisso.
