1822 3068
82 171 131 224 3⁰8
357 171 384 216 C.
408 168 601 218 suarum!

56 288 64 351 ἲ
82 297 153 348 simo
173 308 284 365 quoque
303 291 463 363 italicorum
483 307 517 343 ac
536 289 749 364 provincialium
767 288 850 342 duos.
899 294 902 361 ξ

82 373 183 438 Atque,
203 358 446 437 ntinotumesset,
466 354 853 434 utrumque‘ofolnemnonuu
900 402 903 407 .

82 446 211 496 libertate
220 443 293 494 inter
302 457 344 506 se,
365 456 446 508 qnam
457 441 592 508 dignitate
602 440 728 504 differre,
744 439 775 492 de
783 437 854 505 iurgio
901 436 903 441 '

84 518 206 586 quodam
215 516 352 569 senatoris
366 517 521 584 equitisque
530 514 652 566 Romani
664 516 707 566 ita
715 512 855 582 pronuncia·

82 594 135 643 vit:
156 589 217 643 Nou
227 598 346 658 oportere
356 589 478 642 maledici
486 588 663 654 senatoribus,
683 585 825 641 remaledici
831 583 856 638 ἐν

83 664 237 737 oilefarque
247 680 309 716 erre.

140 740 176 792 X.
196 739 301 790 Litium
312 738 397 790 series
406 738 509 804 ubique
518 738 654 789 maiorem
669 738 699 788 in
713 737 819 790 niodum
826 747 859 787 ex·

86 819 239 878 creverant,
254 813 426 864 manentibus
437 811 571 880 antiquis,
584 812 789 880 intercapedine
797 810 860 862 imis·

85 887 227 952 dictionis,
243 886 436 938 accedentibus
446 887 526 938 novis
536 901 570 937 ex
580 886 742 938 conditione
751 884 861 938 undu

86 979 138 1030 que
148 968 311 1030 temporum.
351 960 432 1013 Sorte
447 960 543 1027 elegit,
562 976 612 1029 per
626 974 699 1027 quos
713 968 793 1030 rapta
804 957 861 1011 bello

23 1068 27 1077 ·
85 1036 306 1100 restituerentur,
322 1036 423 1104 quique
432 1034 539 1086 iudicia
549 1035 773 1100 centumviralis,
783 1033 862 1104 quilius

85 1110 249 1179 peragendis
262 1111 310 1161 rix
325 1109 474 1162 suffectura
487 1109 660 1176 litigatorum
676 1115 754 1161 aetas
772 1107 863 1161 videm

81 1194 143 1249 tur,
165 1190 243 1236 extra
262 1184 385 1236 ordinem
406 1183 603 1249 diiudicarent,
623 1178 864 1254 redigerentquerd

85 1259 277 1310 brevissimum
287 1273 438 1310 numerum.

141 1331 190 1382 xl.
209 1331 312 1385 Libido
329 1338 411 1402 atque
425 1331 537 1383 luxuria
551 1334 695 1385 coercente
710 1332 786 1385 nullo
803 1332 863 1383 inro-

84 1408 183 1458 luerat.
222 1407 326 1459 Auctor
335 1407 444 1459 senatui
453 1406 507 1458 fuit
516 1406 694 1471 decernendi,
714 1414 758 1473 ut,
774 1417 863 1475 quarte

38 1494 41 1498 ⁴
85 1482 177 1533 alieno
188 1497 267 1534 servo
278 1481 426 1546 iunxisset,
443 1478 717 1546 ancillahaberetur3
736 1497 800 1535 nere
809 1478 864 1531 ilio·

85 1573 146 1607 rum
163 1554 332 1607 familiarum
350 1555 553 1608 feneratoribus
572 1556 704 1622 exigendi
723 1554 818 1609 crediti
830 1553 864 1604 lm

85 1646 207 1697 unquam
218 1637 299 1694 osset,
315 1629 369 1681 hoc
379 1636 432 1693 ast,
452 1645 487 1681 ne
497 1635 561 1696 post
569 1635 681 1697 patrum
692 1631 801 1698 quidem
808 1640 864 1681 nor·

85 1712 150 1756 tem.
190 1705 294 1756 ceteris
308 1706 337 1756 in
352 1705 434 1756 rebus
448 1705 543 1755 statim
557 1704 592 1755 ab
611 1704 695 1756 initio
714 1704 864 1773 principatu

86 1794 174 1845 usque
186 1779 221 1830 ad
232 1780 336 1830 exitum
347 1779 437 1830 civilis
447 1784 475 1830 et
485 1777 612 1830 clemens.

141 1852 204 1904 Xll.
223 1853 446 1904 Mediocritatem
459 1852 605 1921 pristinam
619 1867 710 1920 neque
730 1848 864 1905 durium

85 1929 127 1977 vit
135 1941 266 1995 unquam,
278 1943 311 1978 ac
320 1926 477 1996 frequenter
486 1927 569 1978 etiam
579 1941 647 1994 prae
657 1943 687 1979 se
697 1928 772 1981 tulit.
808 1923 865 1988 ilii!

87 2008 114 2053 et
125 2006 256 2051 conantes
267 2001 403 2067 quosdam
414 2001 645 2068 originemFlavil
654 2004 765 2070 generis
774 2001 808 2054 ad
816 2013 865 2052 cor·

76 2075 192 2141 ³ditores
203 2073 344 2139 Reatinos,
358 2076 540 2142 comitemque
549 2075 688 2142 Herculis,
701 2078 779 2129 cirins
788 2086 865 2128 mona·

86 2153 207 2200 mentum
227 2153 317 2200 exstat
336 2150 383 2200 via
403 2149 525 2213 Salaria,
551 2149 667 2216 referre,
692 2152 781 2203 irrisit
797 2149 866 2201 uno·

86 2224 218 2290 Adeoque
227 2221 298 2275 nihil
309 2230 531 2276 ornamentorum
547 2225 720 2278 extrinsecus
729 2225 866 2294 eupiderp·

87 2299 196 2364 petivit,
211 2305 243 2350 ut
252 2297 384 2367 triumphi
395 2299 452 2362 die,
467 2297 602 2366 fatigatus
610 2300 745 2354 tarditate
754 2295 865 2353 ettedo

88 2388 219 2440 pompae,
238 2389 295 2424 non
305 2374 459 2436 reticuerit,
480 2372 573 2424 merito
584 2389 611 2424 ee
616 2375 712 2441 plecti,
734 2374 781 2443 qui
791 2372 866 2426 aim

88 2447 180 2510 pirum,
193 2447 271 2514 quasi
279 2457 329 2500 out
337 2447 452 2499 debitum
462 2447 606 2500 maioribus
616 2448 683 2513 sair,
695 2459 747 2502 aut
754 2455 867 2517 sptem

88 2536 205 2586 tanquam
214 2522 272 2586 eidi,
285 2525 340 2573 tom
350 2521 437 2589 inepte
447 2537 525 2574 senex
535 2523 706 2590 coucupirret.
745 2519 868 2577 donatri-

88 2595 228 2646 buniciam
245 2597 355 2663 quidem
368 2601 532 2666 potestatem
540 2636 548 2663 ,
570 2604 598 2650 et
607 2598 701 2650 Patris
716 2600 820 2668 patriae
831 2609 868 2661 tlt

87 2668 266 2734 pellationem
277 2672 332 2722 nisi
346 2687 408 2725 sero
423 2671 536 2739 recepit.
574 2672 647 2726 Nam
662 2672 869 2728 consuetudinem
