1874 3060
78 198 128 250 246
352 200 380 245 c.
401 197 592 246 SUE‘l'ONll

79 324 159 374 Certe
170 323 296 374 omnibns
306 336 397 374 rerum
406 323 607 389 verborumque
617 321 791 374 contumeliis
800 336 847 375 mo:

77 404 155 449 tuum
168 397 382 461 insacietatem,
393 396 476 449 modo
487 396 634 460 stultitiae,
645 396 730 448 modo
741 396 847 449 stultit

79 485 206 538 arguens.
222 474 227 491 ¹
245 471 316 522 Nam
327 469 534 522 etmoran'eum
543 468 752 522 intes-homines
762 469 846 523 decisa

79 545 217 614 producta
235 547 326 614 prima
344 545 467 613 syllaba,
486 545 647 596 iocabatur:
667 544 811 614 multaque
828 544 847 596 d

80 625 156 671 creta
175 624 203 670 et
223 621 386 683 consfituta,
399 625 432 670 ut
445 619 600 684 insipientis
616 624 699 688 atque
713 619 808 683 deliri,
822 633 847 686 pr

79 694 167 744 irritis
181 691 287 744 habuit
324 691 450 760 Denique
459 694 570 745 bustum
584 693 643 744 eius
654 693 805 762 consopiri,
819 693 847 745 ul

79 766 179 818 humili
188 767 295 834 levique
305 768 437 830 maceria,
448 767 577 834 neglexit.
605 767 807 832 Britannicum,
816 781 847 821 nt

79 842 170 893 minus
180 842 364 893 aemulatione
373 842 463 906 vocis,
478 856 548 908 quae
562 841 606 893 illi
618 841 768 894 iucundior
777 856 846 909 supp

79 916 167 978 tebat,
188 929 270 980 quam
290 921 376 980 metu,
396 930 430 966 ne
451 915 616 984 quandoque
636 916 710 983 apud
731 914 847 968 hominu*

78 989 198 1056 gratiam
212 995 328 1056 paterna
346 989 479 1040 memoria
499 989 681 1056 praevaleret,
701 1005 808 1042 veneno
827 1004 847 1054 q

7 1078 8 1081 ’
77 1077 188 1130 gressm
208 1069 258 1114 cst.
298 1063 379 1125 Quod
399 1069 540 1130 acceptum
561 1078 578 1113 a
597 1064 716 1131 quadam
736 1063 847 1116 Locum

77 1137 288 1188 venenariorum
301 1138 410 1201 inclita,
432 1145 515 1204 quum
530 1138 659 1204 opinione
673 1137 784 1190 tardius
798 1137 847 1191 ced

77 1217 133 1275 ret,
148 1217 242 1262 ventre
256 1210 339 1263 modo
355 1211 511 1262 Britannici
524 1217 600 1263 moto
612 1228 619 1274 3
641 1213 804 1264 arcessitam
816 1227 847 1264 ml

78 1285 177 1336 liorem
184 1300 236 1336 sua
246 1300 330 1336 manu
338 1285 505 1348 verberavit
518 1299 643 1352 argelem,
654 1301 705 1352 pro
715 1300 847 1339 venenat

79 1359 199 1410 medium
220 1358 336 1410 dedisse
374 1358 593 1426 Excusantiquc,
613 1361 704 1410 minus
725 1360 821 1412 datum
839 1375 847 1411 t

80 1431 273 1485 occultandam
282 1432 416 1484 facinoris
424 1432 571 1497 invidiam,
582 1432 652 1484 dane
656 1434 782 1503 lnquit,
793 1437 847 1505 legs

79 1506 176 1559 laeam
192 1507 290 1560 timeo:
310 1504 454 1576 coegitque
464 1522 494 1559 se
505 1522 598 1558 coram
612 1508 642 1558 in
652 1509 782 1578 cubiculo
793 1522 847 1577 qua

78 1588 175 1649 posset
201 1581 404 1634 velocissimum
434 1597 468 1632 ac
495 1589 723 1648 praesentaneum
747 1597 847 1650 coques

78 1655 187 1708 Deinde
201 1657 230 1707 in
244 1653 333 1708 haedo
345 1663 484 1723 expertus,
500 1657 667 1723 postquam
658 1672 685 1707 ss
695 1655 847 1728 quinquelt

78 1745 125 1781 ras
139 1731 290 1798 protraxit,
309 1731 409 1781 iterum
424 1746 457 1780 ac
472 1731 581 1796 saepius
596 1740 737 1783 recoctum
750 1730 847 1800 porocl

79 1805 191 1856 obiecit.
213 1804 274 1866 Quo
286 1805 379 1855 statim
390 1805 555 1868 exanimato,
566 1804 664 1857 inferri
673 1807 703 1856 in
712 1806 847 1858 triclinius

79 1878 195 1945 darique
211 1879 339 1930 coenanti
353 1894 445 1930 secum
459 1877 620 1930 Britannico
641 1879 798 1948 imperavit.
837 1879 847 1930 l

79 1967 163 2020 quum
177 1952 225 2003 ille
241 1952 277 2002 ad
290 1953 408 2020 primum
422 1958 530 2018 gustum
547 1954 727 2018 concidisset,
739 1954 847 2006 comitia

78 2026 177 2078 morbo
198 2041 232 2077 ex
252 2026 449 2082 consuetudine
469 2032 624 2094 correptum
648 2029 723 2095 apud
744 2029 847 2080 convita

79 2100 237 2162 ementitus,
251 2105 363 2167 postero
374 2100 419 2152 die
429 2101 530 2167 raptim
540 2102 612 2153 inter
621 2104 759 2156 maximos
773 2104 847 2155 imbn

78 2174 252 2228 translaticio
273 2174 371 2225 extulit
388 2173 493 2226 funere.
541 2174 686 2228 Locustae
701 2193 753 2245 pro
772 2192 847 2229 aava

80 2262 166 2315 opera
179 2249 370 2316 impunitatem
383 2249 551 2347 praediaque
566 2251 672 2318 ampla,
687 2252 738 2305 sed
751 2257 781 2304 et
796 2251 847 2303 dist

78 2323 160 2391 pulos
172 2323 256 2374 dedit

116 2395 243 2448 xxxiv.
263 2396 393 2462 Matrem,
404 2397 480 2449 ducta
488 2397 616 2466 iactaque
626 2415 678 2451 sna
687 2400 847 2468 exquirente

79 2471 205 2522 acerbius
216 2477 244 2523 ct
253 2472 442 2539 corrigentem,
453 2471 585 2524 hactenus
595 2474 685 2541 primo
696 2475 847 2542 gravabatur

77 2552 109 2596 nt
121 2545 228 2596 invidia
241 2547 390 2598 identidem
405 2553 533 2597 oneraret
537 2549 638 2614 ‚quasi
647 2564 777 2601 cessurus
791 2549 846 2617 imp

78 2619 121 2670 rio
132 2617 313 2688 Rhodumque
324 2621 461 2672 abiturum:
472 2636 537 2672 mox
548 2620 690 2675 ethonore
701 2624 780 2676 omni
788 2628 847 2697 etp<

69 2698 173 2748 testate
178 2695 318 2766 privavlt3
330 2693 503 2764 abductaque
512 2695 630 2748 militnm
640 2691 847 2753 adamum
