1822 3068
95 195 145 247 296
372 198 398 242 C.
422 195 612 245 SUETONH

97 320 216 371 edietsun
231 320 322 383 snum,
339 334 394 386 qno
404 320 518 371 iubebat
526 320 602 370 intra
610 317 750 370 Kalendas
760 317 861 370 ornan
905 344 909 376 ,-

96 395 169 446 Urbe
179 393 316 461 Italiaque
326 391 514 446 mathematici
523 393 698 457 excederent,
709 393 797 445 statim
804 390 861 444 libi·

96 469 139 519 lus
155 474 197 520 est
209 469 383 536 propositus,
399 475 424 519 et
440 466 586 520 Chaldaeos
599 466 712 531 eiicere,
727 465 823 519 Bassam
830 464 861 536 ss·

97 551 180 605 emm,
192 558 224 593 sse
239 540 358 595 Vitellius
370 541 543 593 Germanicas
555 540 629 593 intra
639 538 862 593 assimiliaris
900 545 907 583 '-

96 633 156 668 rum
166 615 233 668 diem
243 632 353 683 nsquam
362 625 436 667 esset.
462 615 610 683 Suspectus
620 615 783 668 etinmorte
791 613 863 667 matis
905 648 909 657 ·

95 690 161 756 fuit,
173 691 254 760 qnasi
268 705 367 757 aegrae
380 691 508 756 praeberi
518 691 608 741 eibum
618 687 818 758 prohibuisset3
833 703 864 740 ss·
904 716 907 743 ;

95 764 228 817 tieinante
239 765 320 815 Gatta
330 764 457 828 muliere,
468 765 512 815 cui
521 764 597 815 velut
607 764 722 816 oraculo
734 764 865 832 aequiesss·
904 796 908 827 ÷

94 839 155 903 bat,
167 838 207 889 ita
218 836 442 907 demumstrmiter
453 855 485 891 ae
495 837 639 890 diutissime
649 837 841 905 imperatarum,
850 832 867 887 a'
904 838 907 851 '

95 922 224 979 superstes
229 912 339 979 parenti
348 911 498 964 exstitisset.
536 913 593 963 Alii
601 912 867 979 traduntipsasntse·

95 987 142 1038 dio
157 987 354 1055 praesentium,
370 992 398 1038 et
407 987 609 1039 imminentium
624 992 712 1052 metu,
727 998 868 1039 venenum
906 1004 909 1061 ἑ

95 1061 154 1112 filio
164 1061 336 1128 impetrasse,
348 1059 422 1112 hand
432 1077 499 1113 sane
510 1060 666 1112 difficulter.
907 1096 909 1125 :

150 1134 211 1188 XV.
242 1135 347 1187 Octavo
367 1136 477 1202 imperii
495 1151 587 1187 mense
607 1134 780 1188 desciverunt
798 1135 830 1187 ab
844 1146 867 1184 ss
907 1132 909 1137 ’

94 1210 230 1261 exercitus
258 1209 428 1261 Moesiarum
452 1216 535 1279 atque
557 1208 739 1273 Pannoniae;
767 1211 829 1264 item
843 1216 868 1259 'ex

92 1284 285 1334 transmarinis
295 1284 424 1335 Iudaicus
435 1289 463 1335 et
472 1283 618 1351 Syriacus:
635 1300 669 1336 ac
679 1284 868 1351 parsinalis!-
907 1312 909 1319 ·

92 1358 138 1421 tis,
159 1371 224 1425 pars
242 1358 272 1407 in
292 1359 444 1423 praesentis
463 1357 630 1426 Vespasiani
649 1359 736 1410 verba
754 1359 868 1410 iurarunt

92 1431 134 1482 Ad
147 1432 318 1483 retinendum
329 1448 394 1500 ergo
406 1438 559 1484 ceterorum
571 1430 715 1485 hominnm
725 1433 869 1485 studiumae

92 1505 229 1570 favorem,
239 1505 310 1557 nihil
322 1523 378 1558 non
392 1507 502 1574 publice
516 1507 714 1577 privatimque,
725 1507 800 1559 nullo
810 1502 870 1559 siit·

92 1581 152 1633 bito
167 1582 264 1646 niodo,
281 1581 396 1649 largitus
411 1586 461 1632 est.
500 1580 643 1633 Delectum
655 1597 766 1651 quoqne
780 1593 870 1635 essen

94 1657 198 1709 ditione
208 1657 238 1707 in
248 1657 320 1708 Urbe
331 1657 395 1724 egit,
405 1661 438 1707 ut
447 1656 610 1708 voluntariis
619 1672 677 1707 nen
686 1657 771 1709 modo
781 1654 870 1708 missis·

92 1746 155 1782 nem
169 1737 234 1798 post
247 1731 405 1795 victoriam,
421 1731 468 1783 sed
483 1731 566 1781 etiam
580 1737 775 1783 veteranorum
786 1732 870 1782 iustas·

94 1820 146 1872 qne
156 1805 273 1856 militiae
285 1805 430 1857 commoda
440 1804 626 1873 polliceretur.
665 1805 781 1872 Urgenti
791 1800 871 1857 deiris

92 1886 168 1929 terra
177 1881 301 1948 marique
311 1877 398 1944 hosti,
410 1878 474 1931 hine
483 1879 595 1931 fratrem
606 1895 667 1930 eum
679 1879 769 1932 classe
779 1895 811 1931 ae
819 1878 871 1929 tise-

92 1954 173 2003 nibus
185 1959 212 2004 et
221 1953 407 2020 gladiatorum
418 1969 502 2004 manu
512 1953 657 2021 opposuit3
671 1951 737 2006 hinc
748 1962 775 2007 et
783 1951 870 2005 Beate

94 2041 188 2076 censes
199 2027 294 2091 copias
304 2033 332 2077 et
342 2027 434 2079 duces.
473 2029 561 2096 Atque
570 2028 675 2094 ubique
685 2035 736 2081 ant
745 2031 870 2097 superatus

94 2106 142 2149 aut
161 2100 297 2166 proditus,
317 2100 434 2153 salntem
454 2103 510 2153 sibi
528 2108 556 2153 et
574 2102 676 2153 millies
696 2104 871 2155 sestertium!

92 2173 191 2226 Flavio
204 2173 317 2239 Sabino,
328 2175 495 2244 Vespasiani
504 2176 599 2240 fratre,
610 2177 730 2244 pepigit:
742 2177 870 2242 statimqne

92 2265 143 2317 pro
159 2249 290 2317 gradibus
304 2249 408 2302 Palatii
422 2251 496 2318 apud
505 2250 661 2319 frequentes
672 2252 788 2317 milites,
798 2249 871 2301 redere

92 2340 119 2374 se
134 2323 256 2392 imperia,
274 2326 344 2391 qued
351 2325 448 2377 insitus
457 2325 607 2393 recepisset,
619 2324 773 2393 professus,
784 2322 871 2378 canetis

91 2399 305 2451 reclamantibus
324 2416 381 2452 rem
401 2400 526 2462 distulit;
557 2414 590 2450 ae
608 2407 691 2451 noete
710 2399 870 2468 interposita,

91 2474 181 2540 primo
197 2473 319 2525 diluculo
334 2473 494 2525 sordidatus
504 2474 645 2525 descendit
656 2475 692 2526 ad
702 2483 807 2539 rostra,
817 2469 870 2525 mul·

91 2548 181 2614 tisqne
197 2563 257 2599 eum
272 2548 394 2600 lacrimis
408 2547 503 2599 eadem
518 2549 581 2612 illa,
592 2564 714 2601 vamme
728 2549 869 2612 libellam·

91 2628 180 2671 status
198 2628 247 2673 est.
286 2621 390 2674 Rursus
409 2621 599 2688 interpellante
617 2623 707 2675 milite
723 2640 757 2677 ae
770 2619 869 2693 populo»

85 2701 124 2759 et,
140 2710 176 2748 ne
191 2695 332 2767 deiiceret,
346 2695 488 2763 hortante,
504 2702 666 2767 omnemque
681 2713 795 2767 operam
807 2706 869 2749 anan
