1874 3060
91 178 142 232 250
365 181 394 226 G.
419 178 611 227 SUE'I'ONll

91 319 151 358 rum
170 304 249 372 prior
267 303 410 371 maiorque
423 300 588 366 Pisoniana,
607 299 727 364 Renum

90 377 248 442 Viniciana,
253 377 403 429 Beneventi
413 376 533 428 conflatu
543 382 626 444 atque
637 376 731 428 detecti

91 454 178 506 iuroti
188 452 328 504 avinculis
337 450 488 520 triplicium
499 450 731 502 catenarumdixer

91 542 175 595 quum
186 527 298 594 qnidam
309 526 410 577 crimen
420 525 495 576 ultro
504 523 665 589 faterentur,
671 539 731 575 noro

90 603 267 669 imputarent,
273 606 404 667 tanquam
415 599 497 650 aliter
506 598 550 649 illi
559 614 615 651 non
626 612 731 665 possem

90 683 118 728 te
128 689 294 737 succurrere,
306 674 472 725 dedecorato
482 672 597 740 flagitiis
607 672 731 724 omnibus

27 812 30 817 ⁵
89 757 182 802 torum
193 749 274 801 libori
283 748 356 799 Urbe
365 747 452 816 pulsi,
472 747 614 814 erectique
627 762 731 798 veneno

91 825 219 888 Constat,
240 822 374 892 quosdam
390 837 451 873 cum
465 821 635 890 paedagogis
646 827 674 872 et
684 835 731 888 cep

89 897 207 966 prandio
218 897 323 965 pariter
331 903 459 959 necatos,
481 895 553 946 elios
567 895 696 947 diurnum
708 896 731 947 vi

89 968 194 1023 bibitor
204 984 344 1038 quaerere.

144 1043 286 1097 xxxvu.
305 1043 405 1096 Nullus
418 1041 535 1110 posthoc
550 1041 690 1094 adbibitus
705 1043 731 1095 d«

88 1120 188 1172 modus
197 1119 380 1182 interimendi,
391 1133 569 1186 quoscunque
579 1118 731 1184 libuissetc

89 1194 124 1246 de
133 1207 227 1245 cansa.
266 1192 322 1244 Sed
334 1208 369 1244 ne
383 1192 417 1244 de
430 1191 557 1259 pluribus
570 1191 700 1256 referam,
721 1191 731 1244 i

89 1267 177 1318 Orfito
190 1267 327 1318 obiectum
338 1271 391 1330 est,
403 1265 478 1335 quod
488 1267 617 1318 tabernas
627 1272 683 1316 tres
694 1267 728 1318 de

89 1341 164 1392 circe
174 1340 265 1392 forum
280 1341 438 1392 civitatibus
453 1340 489 1391 od
502 1341 649 1392 stationem
663 1341 731 1393 locu

88 1415 131 1466 sio
138 1413 266 1483 Longino
276 1415 484 1478 iurisconsulto,
490 1430 524 1465 ac
534 1415 683 1466 luminibus
693 1416 731 1466 orl

86 1489 118 1541 in
126 1495 218 1542 vetere
227 1489 326 1557 gentili
338 1495 481 1541 stemmate
492 1488 522 1539 0.
535 1489 624 1539 Cassii
633 1504 731 1555 percus

88 1564 160 1615 soris
173 1564 308 1632 imagines
321 1564 492 1626 retinuisset3
516 1561 602 1615 Paeto
618 1561 731 1616 Thrasul

88 1638 284 1707 etpeedagogi
292 1638 393 1690 vultus.
426 1632 731 1705 Morilossisnonamp

87 1711 219 1765 horarum
229 1712 349 1781 spotimn
359 1711 452 1763 dabat
490 1711 530 1762 Ac
541 1726 576 1765 ne
587 1710 654 1779 quid
663 1727 731 1762 mora

87 1788 173 1852 niret,
193 1786 316 1839 medicos
332 1786 508 1850 admovebat,
529 1785 576 1851 qui
588 1794 731 1837 cunctante

88 1869 228 1913 curarent:
246 1862 289 1911 ito
302 1861 374 1913 enim
383 1860 503 1911 vocabat
511 1875 595 1911 renas
605 1861 703 1923 mortis
714 1875 731 1927 g

88 1935 169 1990 dere„
201 1934 329 1986 Creditur
347 1935 431 1985 &am
449 1932 610 2000 polyphago
631 1933 731 1985 cuiden

87 2008 209 2076 generis,
225 2007 338 2059 crudem
349 2022 470 2071 caruem,
487 2015 514 2060 et
527 2008 658 2075 quicquid
669 2007 731 2060 dare

89 2081 154 2134 dero
173 2087 299 2147 assueto,
321 2083 482 2149 concupisse
500 2083 579 2134 vivos
597 2080 722 2134 homines

89 2156 327 2224 absumendosque
338 2157 467 2209 obiicere.
505 2155 603 2208 Elatus
616 2156 729 2208 inflatus

86 2231 163 2284 velut
173 2232 470 2299 successibns‚negavit
479 2246 634 2298 quemquam
638 2230 731 2298 priuos]

88 2306 154 2374 quid
161 2305 213 2358 ciii
221 2305 318 2358 liceret.
356 2306 515 2374 Multasque
527 2320 579 2357 nec
593 2304 692 2357 dubias
702 2306 731 2371 sb

86 2396 136 2432 nes
146 2394 229 2449 saepe
237 2381 312 2445 iecit,
317 2396 352 2432 ne
361 2380 477 2447 reliquis
488 2380 597 2448 quidem
607 2395 637 2431 sc
647 2394 731 2447 parsu

86 2456 209 2518 toribus3
230 2471 345 2524 eumque
361 2455 484 2506 ordinem
499 2454 670 2505 sublaturum
686 2468 731 2521 qur

85 2530 241 2596 republica,
257 2544 290 2581 oc
298 2529 457 2598 provincius
471 2534 499 2579 et
512 2528 647 2580 exercitus
657 2528 731 2596 equit

87 2617 121 2655 ec
130 2603 237 2656 libertis
247 2604 451 2671 permissurum.
490 2603 569 2655 Certe
579 2617 666 2670 neque
677 2602 731 2654 adr

79 2678 327 2755 quoprodciscens
340 2691 505 2750 quemquem
518 2677 614 2730 osculo
629 2677 731 2751 impert
