1874 3060
102 162 152 216 306
386 163 414 209 G.
432 162 623 211 suarem!

102 303 163 339 sum
178 301 195 338 a
215 300 368 355 quoquam,
389 293 416 337 et
429 287 486 337 iam
505 285 612 352 pridem
626 290 740 352 propter
752 300 899 338 nervorum

101 361 287 413 valetudinem
300 362 348 412 vix
361 361 471 428 ingredi
485 359 621 428 longeque
635 361 733 411 abesse
743 361 898 413 constabat.

101 438 140 487 Ac
154 437 249 487 statim
268 437 402 487 advenere
422 436 528 496 literae,
548 434 626 485 fusas
645 434 719 502 apud
734 434 898 487 Cremonam

100 509 209 562 Vitellii
218 511 327 578 copias,
342 511 432 577 ipsum
443 510 472 560 in
482 510 554 560 Urbe
563 509 756 576 interemptum
768 511 897 561 nuncian-

100 592 151 636 tes.
190 584 349 636 Auctoritas
359 589 386 635 et
396 584 476 651 quasi
491 583 621 635 maiestas
632 583 783 650 quaedam,
804 586 895 636 utsei-

100 659 166 711 licet
174 660 320 727 inopinato
330 664 358 709 et
368 657 459 709 adhuc
467 672 541 709 novo
551 658 685 724 principi,
701 658 810 709 deerat:
830 656 896 710 baec

101 749 211 802 quoque
225 732 350 785 accessit.
388 732 412 781 E
425 732 506 800 plebe
520 732 632 801 quidam
646 732 797 783 luminibus
818 733 896 785 orba·

99 816 157 871 tus,
178 808 244 859 item
255 806 327 857 alius
337 806 424 858 debili
433 822 524 870 crure,
544 805 682 858 sedentem
696 821 748 873 pro
763 807 896 858 tribunali

99 883 203 949 pariter
217 881 357 945 adierunt,
378 886 489 932 orantes
504 896 584 946 opem
598 880 765 944 valetudini,
786 880 896 934 demon·

99 961 215 1006 suatum
230 970 248 1005 a
262 954 396 1022 Serapide
410 971 459 1023 per
473 955 605 1022 qruietem:
625 956 818 1006 testimonum
834 971 896 1008 eeu·

99 1030 151 1093 los,
162 1031 188 1080 si
195 1030 359 1096 inspuisset3
379 1031 603 1081 confirmaturum
614 1045 690 1092 crus,
701 1030 727 1080 si
737 1030 896 1096 dignaretur

99 1103 175 1156 calce
196 1104 363 1172 contingere.
402 1104 492 1163 (lirum
510 1103 558 1154 vix
571 1103 640 1154 lidos
658 1109 744 1167 esset,
764 1120 824 1156 rem
838 1104 894 1156 ullo

98 1179 181 1230 modo
193 1193 395 1240 successuram,
414 1177 535 1244 ideoque
548 1193 582 1228 ne
596 1178 716 1246 experiri
727 1178 839 1245 quidem
850 1193 894 1229 au·

99 1252 188 1314 deret,
208 1258 345 1315 extremo,
356 1249 533 1303 hortantibus
543 1252 653 1315 aulicis,
663 1252 758 1318 palam
768 1268 821 1320 pro
833 1268 893 1305 eon·

99 1327 178 1377 cione
196 1331 343 1392 utnmique
361 1326 490 1389 tentavit,
510 1341 561 1377 nee
579 1334 692 1377 eventus
705 1326 806 1378 defuit.
844 1326 893 1378 Per

97 1400 171 1451 idem
180 1405 287 1466 tempus
298 1401 407 1466 'l'ogcae
416 1401 447 1451 in
456 1400 588 1463 Arcadia,
598 1400 733 1451 instinctu
742 1401 893 1453 anticim-

97 1475 179 1539 tium,
195 1473 299 1525 effossa
313 1481 377 1524 sum
386 1481 497 1526 sacrato
507 1474 571 1525 loco
587 1489 656 1526 vesu
669 1475 764 1542 operis
779 1476 892 1543 antiqui,

99 1556 181 1617 atque
191 1549 220 1601 in
230 1549 266 1599 iis
277 1549 408 1599 assiriiilis
418 1548 591 1616 Vespasiano
602 1551 706 1615 imago.

153 1622 227 1673 Vlll.
248 1622 327 1674 'l'alis
339 1628 472 1690 tantaque
487 1638 548 1673 cum
561 1622 638 1673 faura
649 1623 681 1673 in
690 1623 794 1675 Urbem
808 1639 893 1675 rerer·

98 1712 153 1760 sus,
165 1703 228 1748 acto
240 1697 274 1748 de
284 1697 393 1748 ludaeis
402 1694 552 1764 triumpho,
562 1696 725 1747 considatns
735 1704 800 1750 octo
810 1699 893 1749 veteri

98 1770 215 1821 addidit.
241 1769 368 1838 Suscepit
377 1777 404 1822 et
415 1785 570 1822 centanam:
584 1786 618 1821 ac
628 1784 677 1837 per
685 1777 777 1823 totum
786 1772 894 1841 imperii

96 1853 204 1911 tempus
214 1843 285 1895 uibil
295 1843 391 1895 babuit
401 1846 554 1912 antiquius,
573 1860 656 1911 quam
667 1860 755 1913 prope
766 1844 892 1897 afflictam

97 1925 292 1987 nutantemque
302 1919 498 1985 rempublicam
509 1919 634 1970 stabilire
644 1920 748 1985 primo,
760 1920 860 1973 deinde
868 1926 894 1971 et

99 2008 207 2044 ornare.
245 1992 363 2055 Milites,
384 1993 592 2059 paravietoriae
607 1993 721 2057 fidncia,
740 2009 809 2061 pars
818 1995 893 2061 igno·

98 2067 200 2116 miniae
221 2065 331 2129 dolore,
352 2067 388 2116 ad
409 2082 516 2117 omnem
535 2066 674 2117 licentiam
695 2068 893 2137 audaciamque

98 2148 298 2208 processerant.
338 2139 393 2192 Sed
407 2146 435 2192 et
447 2141 606 2207 provinciae
627 2141 810 2209 civitatesque
829 2142 893 2193 libe·

99 2230 155 2278 rae,
164 2230 217 2267 nec
226 2230 282 2266 non
292 2220 321 2265 et
329 2229 415 2281 regna
425 2214 562 2281 quaedam
574 2215 775 2267 tumultuosius
784 2217 857 2269 iuter
865 2230 893 2267 ee

99 2291 227 2356 agebant.
267 2289 359 2350 Quare
370 2288 582 2340 Vitellianorum
598 2290 709 2356 quidem
723 2296 753 2341 et
767 2298 893 2342 exaucto·

98 2364 172 2414 ravit
190 2362 324 2430 plurimos
343 2369 371 2415 et
391 2364 524 2415 coercuit:
547 2364 730 2432 participibus
751 2370 845 2417 autem
856 2364 894 2435 vi·

100 2439 205 2489 ctoriae
215 2437 285 2489 adeo
299 2436 370 2488 nihil
384 2444 463 2489 extra
478 2439 601 2491 ordinem
616 2438 747 2501 indulsit,
767 2445 800 2490 ut
814 2439 893 2490 etiem

99 2512 224 2578 legitima
233 2513 356 2580 praemia
370 2528 432 2563 sero
447 2513 619 2580 persolverit.
657 2513 697 2563 sle
710 2528 746 2565 ne
757 2529 841 2581 quam
851 2528 894 2565 oc·

100 2587 239 2637 caslonem
268 2586 424 2654 corrigendi
453 2586 627 2655 disciplinam
655 2589 894 2653 praetemutteret,

89 2661 337 2718 adolescentulum
345 2661 514 2733 fragrantem
523 2668 673 2731 unguente,
683 2677 770 2731 quum
779 2662 836 2715 sibi
844 2674 893 2730 pro
