1822 3068
99 190 149 243 268
373 194 401 238 G.
426 190 619 239 sunroun

98 322 187 380 tutus,
208 314 345 382 postridie
364 329 447 382 quam
466 314 503 365 ad
521 313 647 381 legiones
660 313 749 377 venit,
768 312 870 365 sollcnn
901 349 909 357 -

99 389 173 441 forte
182 388 341 457 spectaculo
352 389 515 455 plaudentes
524 387 654 452 inhibuit,
666 388 734 439 data
742 394 911 451 mnan-1

99 480 193 515 cunnus
205 464 327 531 paenulis
349 462 522 515 continerent.
561 462 717 529 Statimque
736 478 786 530 per
802 472 871 514 enm
907 488 910 495 ·

98 539 231 590 iactatum
242 545 296 590 est:
903 572 907 579 .

136 612 227 674 Disce,
238 612 319 674 miles,
331 610 454 673 militare,
468 610 554 662 Gellia
564 618 610 673 est,
621 626 676 661 non
688 609 840 663 (ἐπιτήδεα

98 685 166 737 Pari
178 687 324 738 severitate
337 686 482 736 interdixit
495 690 664 737 commeatus
677 685 746 752 peti.
783 684 873 737 veen

98 777 162 812 num
173 776 207 811 ac
215 761 334 811 tironem
344 760 459 811 militem
470 774 553 826 opere
563 758 678 810 assiduo
690 759 873 812 conchensi:

97 842 258 901 matureque
267 834 409 898 barbaris,
429 836 477 901 qui
491 835 548 885 iam
560 834 590 883 in
600 832 727 884 Galliam
736 848 874 903 usqnepro·

97 914 240 974 ruperant,
262 908 403 971 coercitis,
424 908 560 975 praesenti
571 923 684 976 quoqne
695 908 766 961 Gaio
776 908 876 961 talenel

98 998 127 1033 se
137 988 166 1033 et
175 983 323 1033 exercitum
337 983 514 1050 approbarit,
533 989 566 1031 ut
578 983 652 1033 inter
660 982 876 1035 innumerum·

97 1063 257 1126 tractasque
267 1071 301 1108 ex
316 1057 443 1108 omnibus
458 1056 609 1124 prouinciis
623 1057 737 1123 copias,
756 1062 877 1125 neqmte·

98 1132 257 1183 stimonium
265 1146 354 1198 neque
364 1131 487 1197 praemia
501 1130 639 1198 ampliora
647 1130 703 1182 ulli
712 1134 876 1201 percipeunt

96 1206 156 1272 ipse
166 1206 284 1256 maxime
293 1206 419 1272 insignis,
429 1205 504 1272 qnod
514 1210 696 1274 campestrem
706 1206 877 1259 decursione!

97 1287 176 1330 scuto
191 1279 350 1330 moderatus
364 1280 448 1330 etiam
463 1278 499 1329 nd
512 1278 638 1330 essedum
651 1279 830 1348 imperatoris
839 1290 878 1347 pff

96 1353 196 1420 viginti
205 1368 335 1419 passuum
345 1353 434 1404 millia
444 1354 574 1404 cucurrit.

152 1425 213 1477 vu.
234 1428 324 1479 Caede
336 1428 399 1478 Caii
406 1428 551 1491 nunciata,
565 1427 661 1478 multis
672 1427 710 1480 ad
722 1430 877 1481 occasione·

97 1502 317 1566 stimulantibus,
329 1503 447 1569 quietem
458 1502 599 1568 praetulit.
637 1500 694 1554 Per
707 1502 765 1555 boc
772 1501 878 1571 gratid-

96 1593 157 1628 uiris
172 1577 303 1641 Claudio,
324 1582 505 1644 receptusque
518 1577 548 1626 in
568 1574 714 1628 cohortem
734 1580 877 1637 nmleorm,

95 1659 190 1703 tantae
201 1651 370 1719 dignationis
381 1657 423 1702 est
431 1648 552 1714 habitus,
562 1656 601 1712 ut,
614 1666 701 1717 quum
710 1652 805 1704 subita
812 1653 878 1705 eim·

96 1726 200 1791 letudo,
211 1742 262 1777 nec
272 1726 342 1777 adeo
352 1726 454 1792 gravis,
464 1724 617 1788 incidisset,
623 1724 730 1777 dilatus
740 1728 779 1778 sit
787 1724 878 1793 expedi·

97 1802 182 1852 tionis
192 1800 370 1851 Britannicae
380 1800 449 1851 dies.
487 1798 608 1849 Africam
619 1802 776 1865 proconsul
783 1798 877 1855 hinnio

98 1876 230 1939 obtinuit,
251 1884 329 1926 extra
343 1882 446 1926 sortem
459 1873 562 1925 electus
577 1873 613 1924 ad
632 1874 817 1928 ordinandam
828 1888 878 1943 pro·

95 1950 228 2012 vinciam,
249 1957 278 2000 et
290 1950 423 2001 intestina
437 1948 608 1999 dissensione
621 1948 878 2002 etbarbaroruntn·

96 2022 184 2073 multu
200 2022 361 2088 inquietam.
401 2022 599 2089 Ordinavitque
618 2038 722 2090 magna
742 2022 879 2077 mertun:

98 2112 130 2147 ac
149 2097 273 2148 iustitiae
288 2113 367 2161 cura,
388 2098 472 2148 etiam
486 2098 516 2148 in
529 2096 655 2164 parvulis
668 2098 763 2151 rebus.
798 2094 878 2157 ldllifl.

97 2172 145 2238 qui
163 2187 213 2240 per
231 2171 434 2237 expeditionem
455 2187 564 2223 annona
588 2171 732 2224 artissima
755 2172 879 2225 residui·

96 2247 264 2297 cibariorum
274 2246 362 2297 tritici
371 2246 493 2296 modium
506 2252 612 2297 centum
624 2245 749 2299 denariis
758 2244 879 2299 vendidi·-

96 2337 126 2371 se
136 2322 315 2388 arguebatur,
330 2321 430 2384 vetuit,
446 2320 612 2386 simulatque
622 2320 751 2388 indigere
760 2322 820 2374 cibo
829 2332 879 2371 coe·

95 2396 194 2462 pisset,
216 2411 233 2446 a
247 2410 386 2463 quoquam
402 2410 482 2461 opem
496 2394 577 2455 lerri3
597 2400 626 2445 et
638 2395 664 2445 'm
674 2395 751 2449 fame
760 2394 879 2449 extabuit·

95 2471 130 2520 At
148 2471 178 2520 in
197 2470 258 2521 iure
278 2469 409 2532 dicendo,
431 2485 514 2536 quum
533 2468 568 2520 de
587 2470 762 2535 proprietate
779 2464 879 2522 iunenl

96 2552 281 2609 quaereretur,
292 2544 399 2594 levibus
408 2544 538 2609 utrinque
549 2545 721 2609 argumentis
731 2551 761 2597 et
768 2544 878 2603 tesdbu.

95 2619 214 2684 ideoque
224 2618 331 2668 difficili
342 2618 501 2668 coniectura
509 2618 650 2679 veritatis,
666 2619 710 2670 ita
719 2620 847 2679 decrerit,
854 2622 880 2665 ul

90 2692 130 2742 ad
137 2692 244 2760 lacum,
256 2693 306 2745 ubi
315 2692 453 2763 adaquari
461 2692 584 2756 solebat,
595 2691 744 2747 duceretur
753 2695 839 2763 capite
846 2690 879 2743 n·
