1822 3068
133 186 184 240 160
408 189 436 233 c.
462 186 651 236 suurouu

133 312 188 365 Sed
197 317 230 363 ut
240 311 346 363 demum
359 309 420 362 lato
434 309 557 363 iunctum
569 311 664 379 palam
676 309 782 363 iactum
794 315 847 377 est,
863 324 905 365 uu

132 387 242 439 solatiis
251 386 325 450 ullis,
335 400 392 437 nou
402 384 500 437 edictis
510 384 631 437 inhiberi
639 386 730 437 luctus
739 384 905 453 pubiicuspo

131 463 197 527 tuit,
219 461 381 528 (iuravitque
396 461 481 512 etiarn
493 475 542 526 per
556 459 643 512 festos
653 459 814 513 Decembris
822 458 905 513 undu

132 537 201 589 dies.
229 536 314 586 Auxit
321 535 441 602 gloriam
450 533 670 603 desideriumque
679 533 904 587 deiunctietstre·

134 612 203 663 cltas
220 610 421 677 insequentium
439 614 605 676 temporum
629 609 735 661 cunctis
752 624 805 662 nec
821 614 903 661 Μ

132 685 323 753 opinantibus,
337 683 490 735 reverentia
503 684 563 734 eius
577 699 610 734 ac
623 688 699 735 ructu
710 680 901 752 repressars'll·

130 761 203 813 berii
212 759 364 822 saevitiam,
376 773 447 824 quae
456 772 522 808 mox
532 758 661 825 eruperit.

185 833 246 885 vll.
257 833 364 883 Habuit
372 832 402 883 in
409 830 899 900 matrimonioigrippiuamssqrip·

130 922 184 977 pac
194 906 312 959 etluliae
320 906 493 971 liliam,etex
503 922 536 960 ea
545 921 642 959 uorem
652 906 756 959 liberos
766 907 898 974 tulithn·

130 998 192 1034 rum
202 982 257 1033 duo
267 980 386 1033 infantes
397 980 487 1032 adhuc
496 980 582 1049 rapti3
600 997 671 1032 rmus
680 981 738 1033 iam
747 992 897 1050 puerasou.

131 1057 233 1125 insigni
243 1055 403 1120 festivitate,
420 1056 497 1106 cuius
507 1056 623 1122 effigiem
633 1053 731 1108 habitu
740 1052 898 1124 cupienti

130 1132 199 1184 aede
210 1131 383 1199 Capitolinae
392 1129 507 1182 Veneris
516 1128 599 1181 Livia
613 1130 764 1196 dedicarit,
783 1130 897 1197 Augw

128 1207 159 1258 iu
179 1205 307 1259 cubiculo
326 1220 377 1257 suo
398 1205 530 1270 positam,
551 1205 768 1273 quotiescunque
784 1202 898 1263 introitui,

131 1280 353 1332 exosculabatur.
383 1279 473 1331 Ceteri
483 1280 643 1346 superstites
653 1280 728 1347 patri
736 1278 897 1343 fuerauttrfl

130 1370 213 1406 sexus
221 1353 356 1419 feminini,
361 1353 520 1421 Agrippina,
526 1353 660 1419 Drusilla,
665 1353 779 1419 Liuilla,
791 1352 898 1407 eunuc

129 1427 250 1481 triennio
261 1434 356 1492 natee3
375 1428 491 1481 totidem
501 1444 600 1494 mares,
610 1428 685 1481 Nero
695 1434 725 1481 et
733 1427 839 1481 Drusus
846 1422 897 1481 ab

131 1506 243 1557 Caesar.
281 1503 418 1556 Neronem
428 1510 456 1555 et
465 1502 587 1555 Drusum
601 1510 725 1569 senatus,
745 1498 898 1557 'libcrioa'l-

128 1580 259 1644 minante,
269 1577 363 1631 hostes
372 1579 514 1631 iudicavit.

184 1654 258 1706 Vlll.
270 1655 300 1705 C.
312 1655 414 1706 Caesar
424 1659 506 1705 natus
515 1651 795 1721 estpridielialandas
800 1651 898 1719 Sapin-

128 1730 204 1795 bres,
224 1736 303 1798 patre
317 1744 368 1781 suo
383 1729 455 1780 etc.
470 1728 588 1780 Fonteio
603 1728 737 1794 Capitone
752 1725 898 1781 consultu

128 1805 184 1856 Ubi
192 1809 274 1855 natus
284 1804 334 1868 sit,
354 1804 487 1855 incertum
503 1803 649 1855 diversitas
661 1803 828 1856 tradentium
839 1796 898 1853 fede

131 1880 179 1929 Cu.
199 1878 334 1930 Lentulus
360 1876 520 1929 Gaetulicus
545 1877 645 1929 Tiburi
667 1878 790 1945 genitum
810 1872 898 1928 sulib:

19 2002 23 2009 ,
128 1952 236 2004 Plinius
247 1952 387 2004 Secundus
397 1953 426 2003 iu
437 1952 572 2016 Treveris,
583 1953 645 2003 vico
656 1952 899 2016 ambiebantur·

130 2026 317 2079 Confluentes:
342 2026 420 2079 addit
434 2028 518 2078 etiam
532 2042 583 2095 pro
603 2034 778 2093 argumento,
798 2040 857 2077 aras
870 2017 899 2072 ill

131 2101 253 2166 ostendi,
277 2102 438 2169 inscriptas,
463 2102 510 2152 ΟΒ
529 2100 749 2154 AGRlPPlNAE
768 2093 899 2153 Puuulll

130 2174 231 2229 RIUM.
255 2176 403 2242 Versiculi,
413 2178 639 2244 irnperantemox
649 2191 682 2228 eo
693 2165 901 2244 divulgatisplil

130 2250 259 2305 hibernas
268 2252 391 2320 legiones
401 2257 575 2320 procreatum
584 2250 722 2303 indicante

205 2325 239 2380 In
249 2326 344 2380 corbis
354 2336 441 2388 natus,
449 2325 548 2394 patriis
557 2324 674 2377 numm
683 2324 712 2377 in
721 2323 811 2389 armo,

242 2400 302 2455 lom
312 2401 445 2471 designati
449 2399 579 2469 prineqn‘s
589 2416 664 2452 omen
672 2408 740 2453 erat.

129 2477 190 2545 Ego
203 2478 233 2528 iu
248 2477 318 2528 actis
331 2477 407 2528 Antii
420 2476 530 2527 invenio
545 2475 657 2527 editum.
697 2473 903 2527 Gaettrlioumre·

129 2552 204 2603 fellit
212 2552 328 2616 Plinius,
335 2552 415 2619 quasi
424 2552 566 2602 mentitum
577 2566 627 2618 per
637 2549 835 2613 adulationem,
842 2540 905 2599 niti

129 2626 226 2678 laudes
236 2627 342 2679 iuvenis
352 2626 523 2694 gloriosique
533 2625 666 2692 principis
678 2623 785 2692 aliquid
793 2623 873 2675 etiarn
880 2629 905 2671 ct

126 2701 196 2752 urbe
207 2701 326 2754 Herculi
340 2715 421 2755 saue
434 2705 565 2765 sumeret3
588 2700 759 2769 abusumque
776 2694 905 2755 euim
