1822 3068
166 194 300 243 iunius
328 190 488 243 CAESAR.
526 195 596 243 CAP.
614 195 730 243 11-16.
831 197 848 245 7

69 330 129 368 mam
138 323 416 386 summopomsm,
432 316 510 369 solus
524 317 714 385 municipatim
724 320 847 373 dividen-

69 392 110 443 dos
119 392 376 459 utstodiendosque,
382 391 531 460 publicatis
540 392 632 456 bonis,
643 395 756 446 censuit
773 395 846 458 Quin

69 473 196 521 uantum
205 473 309 520 metum
318 467 415 518 iniecit
425 468 569 534 asperiora
577 466 765 533 suadentibus,
770 469 845 522 iden-

15 534 18 539 ’
68 540 138 594 tidem
148 547 300 606 ostentans,
312 549 416 609 quanta
426 556 474 593 eos
484 542 514 593 in
523 547 665 609 posterum
676 541 781 609 aplebe
791 544 846 596 Ro-

14 622 18 653 ῑ
68 630 136 667 usus
144 622 269 668 manmct
278 616 393 680 invidia,
404 615 589 668 uilissimum
599 616 737 681 Silanum,
749 632 836 669 consu

14 738 17 763 ἱ
69 689 108 741 lon
117 691 299 759 designatum,
309 705 366 758 non
376 691 497 758 piguerit
505 692 668 743 sententiam
676 693 847 759 suam,quia

13 770 18 783 '
67 772 157 819 muare
166 772 249 833 turpe
259 770 332 829 erat,
347 765 575 832 interpretatione
584 765 684 830 lenire,
699 766 775 818 velut
784 781 846 833 gra·

66 839 122 905 virs,
132 847 216 908 atque
225 841 287 907 ipse
296 839 440 904 sensisset,
452 845 608 907 exceptam:
628 841 846 908 obtinuissetque

13 926 17 975 ;
66 913 312 979 adso,trausduotis
322 915 359 965 ad
369 915 465 966 seiam
474 914 614 982 pluribus,
629 921 657 966 et
671 916 700 966 in
715 914 759 966 bis
770 915 846 967 ciue-

13 1018 16 1051 =
63 1003 132 1054 roae,
148 989 274 1041 consulis
283 987 383 1053 fratre,
398 989 454 1039 uisi
464 988 601 1040 labantem
613 989 737 1042 ordinem
748 991 845 1042 confir·

13 1062 16 1139 ζ
62 1070 153 1116 masset
160 1063 202 1114 Μ.
213 1063 330 1115 Catonis
341 1064 442 1115 oratio.
481 1063 520 1114 Ao
533 1078 567 1114 ue
584 1063 626 1115 sio
639 1064 751 1132 quidem
759 1066 845 1132 impe·

63 1137 178 1190 dirarum
187 1137 305 1201 destitit,
317 1138 498 1205 quoadusque
507 1151 605 1188 manua
615 1139 738 1206 equitum
744 1139 844 1191 Roma·

61 1226 162 1277 narnus,
178 1226 251 1280 quae
267 1217 375 1262 armata
389 1211 523 1280 praesidii
539 1226 624 1263 causa
639 1214 844 1277 circumstabat,

12 1308 15 1313 ·
60 1287 263 1340 inmoderatius
281 1287 468 1354 perseveranti
487 1301 580 1338 necem
606 1289 773 1339 comminata
792 1295 843 1351 est,

60 1362 133 1413 man
147 1362 263 1413 strictos
280 1361 390 1428 gladios
399 1374 486 1428 usque
497 1376 530 1412 ao
540 1361 693 1426 intentans,
708 1368 741 1413 ut
750 1361 844 1414 sedeu-

11 1486 15 1509 ζ
59 1442 107 1486 tem
120 1450 175 1487 una
189 1435 314 1504 proximi
328 1435 512 1499 deseruerint,
531 1436 580 1486 rix
594 1436 678 1502 pauci
698 1436 844 1504 complexu

12 1514 15 1553 t
59 1516 170 1580 togaque
180 1511 294 1562 obiecta
302 1511 481 1576 protexerint
507 1510 844 1576 Tunaplanedeterritua,

11 1604 14 1629 ε
60 1584 309 1712 ηήῐὲηαῗῖἓὲπῗὲωίῒ,
324 1584 373 1637 sed
383 1591 411 1637 et
419 1584 450 1635 in
460 1582 596 1650 reliquum
607 1585 672 1634 anni
681 1590 788 1651 tempus
800 1600 844 1635 cu·

104 1733 166 1786 XV.
186 1733 282 1785 Primo
300 1738 446 1801 praeturae
466 1731 511 1784 die
528 1730 562 1793 Q.
579 1730 707 1782 Catulum
722 1730 756 1781 de
775 1729 845 1782 refe·

11 1792 15 1857 ἶ
61 1809 142 1861 ctione
158 1806 295 1876 Capitolii
315 1807 350 1859 ad
366 1806 589 1875 disquisitionem
608 1805 707 1874 populi
725 1805 844 1870 vocavit,

11 1890 15 1949 j
59 1884 196 1951 rogatione
205 1882 391 1950 promulgata,
403 1896 458 1949 qua
468 1882 639 1934 curationem
649 1896 709 1932 eam
719 1880 751 1941 in
760 1880 845 1932 alium

12 1958 15 1963 '
60 1958 243 2011 mierebat.
280 1955 384 2009 Verum
403 1957 493 2024 impar
514 1956 688 2023 optimatium
704 1956 845 2023 conspira-

11 2028 14 2037 '
60 2031 129 2098 doni,
140 2046 221 2101 quos,
227 2030 326 2084 relicto
337 2030 431 2082 statim
440 2044 576 2083 uovorum
586 2029 729 2082 consulum
741 2031 843 2097 officim

12 2108 15 2115 '
60 2103 207 2176 monentes
222 2107 432 2172 obstinatosque
447 2106 483 2157 ad
498 2105 679 2157 resistendum
695 2120 843 2158 concucur-

11 2210 15 2217 ·
60 2180 119 2235 n'sse
129 2183 269 2246 cernebat,
280 2179 353 2231 hauc
363 2179 471 2248 quidem
482 2181 619 2232 actionem
630 2180 767 2248 deposuit.

11 2312 16 2365 l

103 2254 178 2309 xvi.
199 2256 328 2308 Ceterum
339 2255 462 2306 caecum
472 2253 601 2319 Metello,
615 2255 728 2306 tribtmo
743 2253 842 2321 plebis,

11 2380 15 2399 ,Ι
59 2331 302 2384 molestissimas
312 2329 387 2396 leges
398 2329 703 2396 adversuscoilegarum
713 2329 843 2380 interaes-

11 2428 14 2437 ·
58 2402 153 2458 sionem
162 2406 279 2469 ferenti,
291 2408 728 2471 auctorempropugnatoremque
742 2416 772 2452 se
782 2415 842 2468 per·

57 2477 383 2548 winemandus,
402 2478 490 2530 donec
505 2480 586 2530 ambo
603 2475 842 2528 administratione

58 2554 217 2622 reipublicae
227 2555 340 2609 decreto
351 2558 459 2620 patrum
469 2558 714 2604 sumnsoverentur.
752 2549 842 2602 Auni·

58 2620 106 2682 bilo
114 2632 205 2683 minus
214 2642 378 2699 permanere
387 2626 417 2678 in
426 2628 592 2694 magistratu
601 2631 630 2678 ct
637 2625 683 2675 ius
692 2623 784 2677 diuers
794 2639 842 2675 au·

56 2704 302 2774 ”latitompsrib
318 2707 448 2770 paratus,
463 2701 550 2770 quiri
560 2695 842 2769 scperarmaprobi'·
