1874 3060
114 194 164 247 ist
393 200 421 246 C.
444 197 632 247 sumum!

115 323 193 390 pacis
206 320 341 374 militibus
353 320 473 385 eductis,
487 336 522 373 ex
530 321 696 390 iruproviso,
712 326 796 391 atque
806 321 838 373 in
846 321 906 391 ipsc

116 395 331 460 consultatione,
347 395 532 457 dimicandum
545 395 653 449 fuisset
690 395 731 447 Ac
743 396 840 447 statim
853 412 907 449 mo·

113 471 206 523 riendi
214 471 346 538 impetum
357 471 447 538 cepit;
466 476 498 522 ut
506 471 599 534 multi,
609 469 783 535 nec'frustra,
795 470 906 538 opium·

114 552 173 610 tur,
184 545 273 612 magis
286 544 405 612 pudore,
415 560 450 597 ne
462 550 541 597 tanto
550 560 642 597 rernm
656 543 855 613 hominumque
864 560 905 613 oe-

114 619 205 671 riculo
236 619 451 671 dominationem
480 619 536 672 sibi
564 634 686 671 emerere
709 627 904 687 perseveraret,

115 709 199 762 quam
218 693 409 762 desperatione
427 694 495 758 ulla,
515 701 565 745 aut
577 693 731 747 diffidentia
745 694 904 762 copiarum:

115 768 217 837 quippe
231 767 349 819 residuis
362 769 531 837 integrisque
540 769 717 832 etiamnunc,
733 783 807 837 quas
816 784 904 821 secum

116 841 153 892 ad
171 842 308 895 sensnum
328 857 408 893 casus
429 842 596 907 detinuerat,
610 850 639 895 et
651 842 904 911 supervenientibus

115 917 180 967 aliis
193 931 209 968 e
223 915 377 980 Dalmatia,
388 916 586 985 Pannoniaque
596 922 624 969 et
632 917 760 969 Moesia:
779 932 817 969 ne
827 918 904 969 victis

116 990 225 1059 quidem
236 991 306 1042 adeo
318 990 437 1055 afflictis,
447 996 544 1043 utnon
553 992 583 1043 iu
592 990 725 1043 ultionem
735 992 904 1059 ignominiae

115 1065 226 1133 quidvis
235 1065 402 1117 discriminis
411 1065 499 1130 nltr'o,
510 1072 538 1118 ct
546 1065 591 1119 vel
599 1065 677 1119 solae
687 1067 824 1119 subirent.

169 1140 205 1190 X.
224 1138 352 1193 Interfuit
361 1138 426 1191 huic
434 1138 508 1192 bello
519 1146 599 1209 pater
607 1156 683 1211 meus
694 1139 847 1193 Suetonius
854 1138 903 1193 ls-

112 1214 270 1278 nis,te'1tiae
281 1214 403 1266 decimae
411 1214 531 1282 legionis
540 1215 667 1267 tribunus
674 1214 902 1282 angusticlariur.

112 1288 168 1340 lete
181 1304 246 1340 mox
259 1288 360 1340 referre
371 1290 466 1341 crebro
478 1289 598 1354 solebat,
610 1287 746 1343 Othonem
755 1290 843 1343 etiam
851 1290 902 1359 pri·

112 1369 207 1414 vatum
220 1363 391 1432 usqueadeo
407 1363 572 1417 detestatum
586 1364 680 1417 cirilla
694 1364 783 1430 bella,
797 1371 903 1430 ut,me·

112 1444 237 1489 morante
257 1438 378 1507 quodam
396 1439 471 1491 inter
489 1439 586 1508 epulas
604 1440 639 1493 de
658 1440 752 1491 Cassii
768 1438 902 1509 Brutique

113 1512 201 1576 exitu,
222 1511 414 1577 cohorruorit3
443 1529 494 1566 nec
514 1529 709 1567 concurrentum
725 1529 795 1567 -cum
815 1512 902 1567 Gallia

110 1584 210 1650 fumeo,
225 1588 442 1641 nisiccniideret
451 1587 593 1641 sinebello
603 1604 661 1641 rem
675 1588 797 1657 transigi
805 1602 901 1658 posset

110 1666 178 1713 tnnc
196 1661 232 1714 ad
252 1663 455 1731 despiciendam
473 1664 560 1715 vitam
579 1663 702 1732 exemplo
722 1662 902 1733 manipularis

110 1735 208 1788 militis
218 1739 395 1803 concitatum,
406 1739 467 1807 qui,
479 1754 562 1806 quum
572 1737 677 1789 cladem
687 1736 830 1791 exercitus
838 1752 900 1790 nnn·

113 1810 206 1875 ciaret,
216 1828 267 1864 uec
277 1813 406 1881 culquam
416 1812 497 1863 iidem
507 1811 619 1876 faceret,
630 1828 664 1865 ac
672 1828 748 1865 nunc
755 1812 900 1875 mendacii,

110 1898 184 1936 nunc
192 1886 310 1950 timoris,
322 1887 403 1955 quasi
411 1886 530 1954 fugisset
538 1902 573 1938 ex
583 1887 651 1950 acic,
663 1894 836 1954 argueretur,
846 1886 900 1955 gla-

112 1957 159 2009 dio
174 1966 238 2011 ante
250 1960 335 2028 pedes
349 1962 409 2013 eius
421 1961 585 2013 incubuerit.
622 1960 687 2013 lIoc
703 1961 781 2027 riso,
797 1961 900 2032 procla·

110 2047 201 2084 masse
215 2049 278 2085 eum
292 2035 396 2099 aiebat,
407 2051 459 2086 non
473 2034 584 2102 amplius
597 2051 624 2086 ce
637 2034 666 2087 is
676 2034 827 2103 perseum
840 2036 899 2089 ab·

112 2114 217 2173 tamque
236 2108 423 2161 benemeritos
443 2109 629 2162 coniecturum.
666 2108 797 2163 stadum
809 2110 898 2178 igitur,

110 2179 260 2253 freamque
274 2184 374 2249 lilium,
390 2191 417 2237 et
430 2184 555 2252 singdos
569 2185 720 2236 acdeorum
731 2183 899 2247 cohortatus,

110 2263 143 2307 ut
151 2256 206 2309 sibi
215 2258 332 2327 quisque
342 2274 392 2328 pro
403 2258 535 2311 facultate
546 2258 713 2323 consuleret,
729 2260 765 2311 ab
777 2258 900 2326 umnlesn

111 2337 138 2383 et
148 2333 244 2384 osculo
254 2349 306 2385 suo
317 2334 423 2385 dimisit
438 2348 544 2399 omues,
559 2340 721 2402 secretoque
735 2340 851 2403 mutato
861 2330 900 2383 bi·

109 2421 162 2457 nos
176 2408 322 2460 codicillos
335 2408 478 2460 exararitc
498 2408 535 2459 ad
547 2420 672 2461 sororem
686 2408 899 2469 consolatorios,

110 2480 158 2532 scd
178 2488 206 2534 et
225 2482 260 2534 ad
278 2482 457 2534 Messalinam
476 2481 607 2548 Neronis,
628 2498 712 2551 quem
725 2481 899 2535 matrimonio

110 2555 306 2622 destinaverat,
328 2556 521 2608 commendans
533 2556 667 2626 reliquias
680 2572 748 2609 suas
761 2564 791 2611 et
803 2570 899 2609 memo·

108 2629 187 2681 riam
237 2632 374 2700 Quicquid
394 2631 492 2684 deinde
512 2631 691 2700 epistolarum
710 2642 786 2698 erat,
804 2646 841 2685 uc
859 2628 900 2683 cui

98 2704 230 2770 periculo
252 2714 302 2762 aut
319 2707 421 2761 nomae
442 2705 515 2778 aqud
528 2706 661 2759 rictorem
674 2704 778 2773 icrunt,
793 2719 899 2759 cancre
