1822 3068
237 210 348 258 Natio,
384 212 461 259 GAP.
480 216 562 260 5-7.
744 214 794 266 229

18 333 119 386 dimdio
133 335 279 402 imperium
293 334 406 403 adepto,
416 351 473 387 non
486 332 576 389 solum
587 330 715 405 paternas
726 355 793 407 opes

17 411 185 476 recuperavit,
196 409 245 461 sed
256 415 283 461 et
293 409 384 479 Crispi
393 410 520 463 Passieni
528 413 620 463 vitrici
629 413 673 463 sui
687 411 792 465 heredi-

17 489 63 535 tate
74 484 176 535 ditatum
189 489 241 535 est.
280 481 379 535 Gratia
388 486 498 552 quidem
509 492 537 537 et
545 487 671 552 potentia
680 502 792 539 revoca·

17 563 53 609 tte
62 558 256 626 restitutaeque
270 560 366 610 matris
380 576 467 629 usque
477 576 510 613 eo
521 561 627 625 floruit,
641 566 674 612 ut
683 576 791 612 emana-

18 632 82 683 retiu
89 632 199 700 uulgus,
210 634 310 684 missos
320 649 338 684 a
346 634 505 699 Messalina,
515 650 602 687 uxore
614 635 733 700 Claudii,
744 638 792 704 qni

18 719 66 757 eun
74 708 274 771 meridiantem,
289 710 369 777 quasi
378 709 532 761 Britannici
543 709 690 774 aemulum,
702 715 791 761 stran-

18 778 133 844 gtiarsut.
175 781 306 833 sudium
325 782 436 834 fabulae
456 789 494 848 et,
516 785 627 836 eosdem
641 785 761 837 dracone
776 802 793 837 e

19 852 113 916 pulvino
126 872 157 907 se
170 855 326 922 proterente
346 858 509 909 conterritos
528 859 671 926 refugisse.
712 854 791 921 Quae

18 924 96 980 tuus
108 936 206 982 exorta
219 935 272 995 est,
293 929 468 998 deprehensis
481 932 510 982 in
528 932 599 984 lecto
614 935 672 985 eius
687 935 791 986 circum

20 1003 148 1057 unane
161 1005 294 1070 serpentis
308 1007 428 1057 exuviis:
449 1021 517 1073 quas
530 1012 622 1058 tamen
636 1024 735 1060 aureae
747 1025 790 1060 ar-

19 1074 94 1129 stiae
105 1092 140 1130 ex
152 1079 295 1131 voluntate
308 1081 404 1131 matris
418 1080 538 1131 inclusas
559 1081 655 1133 dextro
675 1081 790 1133 brachio

20 1153 117 1215 weit
135 1153 325 1220 aliquamdiu3
355 1170 389 1206 ac
406 1155 499 1207 taedio
520 1155 629 1207 tandem
650 1161 790 1208 maternae

20 1227 147 1279 moriae
166 1229 285 1294 abiecit,
307 1244 456 1296 rursusque
480 1231 609 1283 extremis
629 1232 687 1282 suis
707 1232 789 1283 rebus

19 1292 262 1369 tumreqnsivit.
602 1302 605 1309 '
646 1322 649 1327 ·

60 1372 113 1427 vll.
134 1378 224 1428 Tener
234 1375 331 1442 adhuc,
344 1379 458 1429 necdum
468 1384 577 1430 matina
586 1381 717 1445 pueritia,
730 1374 788 1432 Cir-¹

22 1449 125 1502 munus
138 1451 212 1502 ludis
223 1452 338 1503 Troiam
352 1453 572 1505 constantissime
586 1452 789 1506 favorabiliter-

22 1522 135 1583 tttlusit.
164 1525 314 1579 Undecimo
326 1528 425 1578 aetatis
436 1542 506 1578 anno
519 1542 536 1576 a
546 1526 662 1578 Claudio
675 1527 789 1594 adopta-

20 1598 111 1664 tum,
130 1600 297 1668 Annaeoque
312 1600 443 1666 Senecae,
463 1601 520 1651 iam
530 1607 595 1651 tunc
604 1602 738 1663 senatori,
759 1603 789 1652 in

22 1664 172 1740 dapum
194 1675 323 1727 traditus.
370 1676 485 1739 Ferunt,
507 1674 638 1726 Senecam
661 1676 789 1743 proxima

20 1748 176 1801 suumn
186 1750 242 1800 sibi
250 1765 300 1817 per
309 1751 427 1820 quietem
443 1751 473 1801 C.
485 1749 599 1800 Caesari
612 1750 769 1817 praecipere
781 1767 788 1801 ε

21 1818 116 1874 sidem
124 1825 233 1876 somnio
243 1824 318 1876 Nero
328 1825 405 1877 brevi
413 1824 488 1889 fecit,
498 1823 610 1893 prodita
618 1824 789 1876 immanitate

20 1897 125 1963 ruam,
137 1899 237 1966 quibus
246 1900 363 1966 primum
373 1901 465 1967 potuit
474 1899 676 1968 experimentis.
706 1898 789 1951 Nam-

21 1976 59 2037 oe
68 1967 254 2025 Britannicum
268 1973 393 2038 fratrem,
410 1975 483 2042 quod
498 1991 527 2026 se
536 1980 601 2043 post
612 1974 789 2043 adoptionem

20 2036 182 2098 mimium
197 2063 231 2099 ex
245 2049 441 2101 consuetudine
455 2049 615 2113 salutasset,
628 2055 661 2102 ut
674 2050 790 2103 subditis

20 2123 67 2168 Vt·
84 2122 156 2189 apud
179 2128 285 2188 patrem
305 2138 419 2190 arguere
439 2130 554 2175 conatus
573 2130 622 2175 cst.
670 2126 788 2177 Amitam

21 2196 91 2246 mu
99 2194 234 2265 Lepidam
247 2212 324 2249 ream
332 2196 490 2249 testimonio
502 2214 596 2250 coram
606 2197 715 2262 afflixit,
727 2213 788 2264 gra-

19 2260 107 2321 tficana
120 2272 215 2335 matri,
231 2287 248 2322 a
258 2287 313 2339 qua
325 2287 374 2322 rea
383 2269 564 2339 premebatur.
603 2271 744 2323 Deductus
758 2271 788 2320 in

19 2330 90 2396 fem
106 2346 175 2411 tiro,
196 2346 299 2414 populo
321 2345 502 2412 congiarium,
526 2347 609 2398 militi
629 2345 788 2396 donativum

18 2420 161 2485 inpetum:
180 2420 338 2489 indictaque
350 2420 510 2472 decursione
519 2420 716 2489 praetorianis,
727 2432 787 2468 scu-

17 2486 61 2541 th
72 2508 121 2546 sua
134 2511 218 2547 manu
232 2496 379 2563 praetulit:
399 2495 496 2547 exinde
509 2495 584 2563 patri
593 2494 697 2560 gratias
707 2493 736 2542 in
747 2506 787 2540 sc-

16 2567 140 2638 ”uegit
178 2571 257 2639 Apud
267 2570 382 2622 eundem
392 2570 531 2621 consulem
545 2583 595 2635 pro
606 2565 787 2618 Bononiensi·

15 2626 55 2690 m.
62 2640 152 2709 latine,
162 2661 214 2713 pro
224 2645 341 2697 Rhodiis
352 2650 432 2712 atque
442 2642 588 2695 iliensibus
597 2656 694 2709 graece
703 2640 787 2692 verba

13 2703 74 2769 fttit.
113 2720 280 2787 Anspicatns
293 2726 335 2772 est
349 2725 376 2771 et
396 2716 614 2770 iurisdictionem
633 2715 787 2783 praefectus
