<?xml version="1.0" encoding="UTF-8"?>
<!DOCTYPE html PUBLIC "-//W3C//DTD XHTML 1.0 Transitional//EN"
    "http://www.w3.org/TR/xhtml1/DTD/xhtml1-transitional.dtd">
<html xmlns="http://www.w3.org/1999/xhtml" xml:lang="en" lang="en">
 <head>
  <title>
</title>
<meta http-equiv="Content-Type" content="text/html;charset=utf-8" />
  <meta name='ocr-system' content='tesseract 3.04.00' />
  <meta name='ocr-capabilities' content='ocr_page ocr_carea ocr_par ocr_line ocrx_word'/>
</head>
<body>
  <div class='ocr_page' id='page_1' title='image "./csuetoniitranqu00trangoog_0306.png"; bbox 0 0 1874 3060; ppageno 0'>
   <div class='ocr_carea' id='block_1_1' title="bbox 234 223 858 276">
    <p class='ocr_par' dir='ltr' id='par_1_1' title="bbox 234 223 858 276">
     <span class='ocr_line' id='line_1_1' title="bbox 234 223 858 276; baseline 0.008 -5"><span class='ocrx_word' id='word_1_1' title='bbox 234 223 454 273; x_wconf 80' lang='lat' dir='ltr'><strong>VITELLIUS.</strong></span> <span class='ocrx_word' id='word_1_2' title='bbox 490 225 569 273; x_wconf 78' lang='lat' dir='ltr'><strong>CAP.</strong></span> <span class='ocrx_word' id='word_1_3' title='bbox 587 229 685 272; x_wconf 84' lang='lat'><strong>8-11.</strong></span> <span class='ocrx_word' id='word_1_4' title='bbox 807 223 858 276; x_wconf 74' lang='lat'>293</span> 
     </span>
    </p>
   </div>
   <div class='ocr_carea' id='block_1_2' title="bbox 12 345 862 2781">
    <p class='ocr_par' dir='ltr' id='par_1_2' title="bbox 12 345 862 2781">
     <span class='ocr_line' id='line_1_2' title="bbox 65 345 858 419; baseline 0 -18"><span class='ocrx_word' id='word_1_5' title='bbox 65 364 182 419; x_wconf 85' lang='lat' dir='ltr'>quorum</span> <span class='ocrx_word' id='word_1_6' title='bbox 197 347 308 400; x_wconf 89' lang='lat' dir='ltr'>libellos</span> <span class='ocrx_word' id='word_1_7' title='bbox 323 345 424 401; x_wconf 86' lang='lat' dir='ltr'>Othoni</span> <span class='ocrx_word' id='word_1_8' title='bbox 440 347 521 399; x_wconf 86' lang='lat' dir='ltr'>datos</span> <span class='ocrx_word' id='word_1_9' title='bbox 536 348 689 412; x_wconf 85' lang='lat' dir='ltr'>invenerat,</span> <span class='ocrx_word' id='word_1_10' title='bbox 710 363 858 416; x_wconf 86' lang='lat' dir='ltr'>exposcen-</span> 
     </span>
     <span class='ocr_line' id='line_1_3' title="bbox 64 420 857 490; baseline -0.001 -15"><span class='ocrx_word' id='word_1_11' title='bbox 64 425 134 475; x_wconf 89' lang='lat' dir='ltr'>tium</span> <span class='ocrx_word' id='word_1_12' title='bbox 152 423 278 490; x_wconf 87' lang='lat' dir='ltr'>praemia</span> <span class='ocrx_word' id='word_1_13' title='bbox 297 421 332 473; x_wconf 88' lang='lat' dir='ltr'>ob</span> <span class='ocrx_word' id='word_1_14' title='bbox 352 422 454 473; x_wconf 89' lang='lat' dir='ltr'>editam</span> <span class='ocrx_word' id='word_1_15' title='bbox 473 423 503 472; x_wconf 90' lang='lat' dir='ltr'>in</span> <span class='ocrx_word' id='word_1_16' title='bbox 517 421 600 473; x_wconf 89' lang='lat' dir='ltr'>caede</span> <span class='ocrx_word' id='word_1_17' title='bbox 615 420 721 473; x_wconf 82' lang='lat' dir='ltr'>Galbae</span> <span class='ocrx_word' id='word_1_18' title='bbox 736 438 857 489; x_wconf 87' lang='lat' dir='ltr'>operam,</span> 
     </span>
     <span class='ocr_line' id='line_1_4' title="bbox 66 496 858 565; baseline -0.004 -15"><span class='ocrx_word' id='word_1_19' title='bbox 66 497 195 565; x_wconf 85' lang='lat' dir='ltr'>conquiri</span> <span class='ocrx_word' id='word_1_20' title='bbox 204 502 232 548; x_wconf 89' lang='lat' dir='ltr'>et</span> <span class='ocrx_word' id='word_1_21' title='bbox 244 496 380 564; x_wconf 88' lang='lat' dir='ltr'>supplicio</span> <span class='ocrx_word' id='word_1_22' title='bbox 392 496 466 546; x_wconf 84' lang='lat' dir='ltr'>affici</span> <span class='ocrx_word' id='word_1_23' title='bbox 478 496 641 562; x_wconf 84' lang='lat' dir='ltr'>imperavit:</span> <span class='ocrx_word' id='word_1_24' title='bbox 662 497 770 563; x_wconf 81' lang='lat' dir='ltr'>egregie</span> <span class='ocrx_word' id='word_1_25' title='bbox 780 512 858 564; x_wconf 87' lang='lat' dir='ltr'>pror-</span> 
     </span>
     <span class='ocr_line' id='line_1_5' title="bbox 66 570 858 638; baseline -0.003 -15"><span class='ocrx_word' id='word_1_26' title='bbox 66 586 111 623; x_wconf 86' lang='lat' dir='ltr'>sus</span> <span class='ocrx_word' id='word_1_27' title='bbox 130 577 215 638; x_wconf 86' lang='lat' dir='ltr'>atque</span> <span class='ocrx_word' id='word_1_28' title='bbox 233 570 395 636; x_wconf 84' lang='lat' dir='ltr'>magnifice,</span> <span class='ocrx_word' id='word_1_29' title='bbox 416 575 444 621; x_wconf 89' lang='lat' dir='ltr'>et</span> <span class='ocrx_word' id='word_1_30' title='bbox 462 575 494 620; x_wconf 89' lang='lat' dir='ltr'>ut</span> <span class='ocrx_word' id='word_1_31' title='bbox 512 571 612 620; x_wconf 85' lang='lat' dir='ltr'>summi</span> <span class='ocrx_word' id='word_1_32' title='bbox 630 570 763 638; x_wconf 89' lang='lat' dir='ltr'>principis</span> <span class='ocrx_word' id='word_1_33' title='bbox 782 585 858 636; x_wconf 91' lang='lat' dir='ltr'>spem</span> 
     </span>
     <span class='ocr_line' id='line_1_6' title="bbox 66 643 859 711; baseline -0.003 -14"><span class='ocrx_word' id='word_1_34' title='bbox 66 644 235 707; x_wconf 72' lang='lat' dir='ltr'>ostenderet,</span> <span class='ocrx_word' id='word_1_35' title='bbox 245 645 301 694; x_wconf 87' lang='lat' dir='ltr'>nisi</span> <span class='ocrx_word' id='word_1_36' title='bbox 310 649 401 694; x_wconf 89' lang='lat' dir='ltr'>cetera</span> <span class='ocrx_word' id='word_1_37' title='bbox 410 643 499 711; x_wconf 84' lang='lat' dir='ltr'>magis</span> <span class='ocrx_word' id='word_1_38' title='bbox 509 659 542 694; x_wconf 83' lang='lat' dir='ltr'>ex</span> <span class='ocrx_word' id='word_1_39' title='bbox 552 650 652 694; x_wconf 78' lang='lat' dir='ltr'>natuma</span> <span class='ocrx_word' id='word_1_40' title='bbox 662 650 689 695; x_wconf 85' lang='lat' dir='ltr'>et</span> <span class='ocrx_word' id='word_1_41' title='bbox 698 645 791 710; x_wconf 90' lang='lat' dir='ltr'>priore</span> <span class='ocrx_word' id='word_1_42' title='bbox 800 645 859 696; x_wconf 89' lang='lat' dir='ltr'>vita</span> 
     </span>
     <span class='ocr_line' id='line_1_7' title="bbox 66 717 858 786; baseline -0.001 -16"><span class='ocrx_word' id='word_1_43' title='bbox 66 734 123 784; x_wconf 88' lang='lat' dir='ltr'>sua,</span> <span class='ocrx_word' id='word_1_44' title='bbox 135 732 220 786; x_wconf 84' lang='lat' dir='ltr'>quam</span> <span class='ocrx_word' id='word_1_45' title='bbox 231 732 264 768; x_wconf 82' lang='lat' dir='ltr'>ex</span> <span class='ocrx_word' id='word_1_46' title='bbox 274 718 383 784; x_wconf 90' lang='lat' dir='ltr'>imperii</span> <span class='ocrx_word' id='word_1_47' title='bbox 393 717 536 768; x_wconf 84' lang='lat' dir='ltr'>maiestate</span> <span class='ocrx_word' id='word_1_48' title='bbox 547 719 685 784; x_wconf 77' lang='lat' dir='ltr'>gessisset.</span> <span class='ocrx_word' id='word_1_49' title='bbox 723 717 858 785; x_wconf 81' lang='lat' dir='ltr'>Namque,</span> 
     </span>
     <span class='ocr_line' id='line_1_8' title="bbox 65 789 859 858; baseline -0.001 -14"><span class='ocrx_word' id='word_1_50' title='bbox 65 793 163 845; x_wconf 79' lang='lat' dir='ltr'>itinere</span> <span class='ocrx_word' id='word_1_51' title='bbox 182 789 332 855; x_wconf 82' lang='lat' dir='ltr'>inchoato,</span> <span class='ocrx_word' id='word_1_52' title='bbox 352 807 401 858; x_wconf 89' lang='lat' dir='ltr'>per</span> <span class='ocrx_word' id='word_1_53' title='bbox 419 790 524 842; x_wconf 89' lang='lat' dir='ltr'>medias</span> <span class='ocrx_word' id='word_1_54' title='bbox 545 793 669 843; x_wconf 87' lang='lat' dir='ltr'>civitates</span> <span class='ocrx_word' id='word_1_55' title='bbox 688 792 745 843; x_wconf 88' lang='lat' dir='ltr'>ritu</span> <span class='ocrx_word' id='word_1_56' title='bbox 763 792 859 843; x_wconf 69' lang='lat' dir='ltr'>trilun-</span> 
     </span>
     <span class='ocr_line' id='line_1_9' title="bbox 65 864 859 935; baseline 0.001 -18"><span class='ocrx_word' id='word_1_57' title='bbox 65 864 311 935; x_wconf 85' lang='lat' dir='ltr'>pbantiumveetus</span> <span class='ocrx_word' id='word_1_58' title='bbox 322 872 381 917; x_wconf 68' lang='lat' dir='ltr'>estc</span> <span class='ocrx_word' id='word_1_59' title='bbox 400 880 502 933; x_wconf 86' lang='lat' dir='ltr'>perque</span> <span class='ocrx_word' id='word_1_60' title='bbox 521 865 635 916; x_wconf 79' lang='lat' dir='ltr'>llunrina</span> <span class='ocrx_word' id='word_1_61' title='bbox 655 866 859 918; x_wconf 79' lang='lat' dir='ltr'>delicatissimis</span> 
     </span>
     <span class='ocr_line' id='line_1_10' title="bbox 64 940 859 1008; baseline 0.001 -17"><span class='ocrx_word' id='word_1_62' title='bbox 64 941 184 1008; x_wconf 74' lang='lat' dir='ltr'>narlgiis</span> <span class='ocrx_word' id='word_1_63' title='bbox 195 944 223 990; x_wconf 90' lang='lat' dir='ltr'>et</span> <span class='ocrx_word' id='word_1_64' title='bbox 230 940 369 990; x_wconf 83' lang='lat' dir='ltr'>variarum</span> <span class='ocrx_word' id='word_1_65' title='bbox 381 954 544 991; x_wconf 87' lang='lat' dir='ltr'>coronarum</span> <span class='ocrx_word' id='word_1_66' title='bbox 555 955 653 1006; x_wconf 87' lang='lat' dir='ltr'>genere</span> <span class='ocrx_word' id='word_1_67' title='bbox 663 941 807 1006; x_wconf 84' lang='lat' dir='ltr'>redimitis,</span> <span class='ocrx_word' id='word_1_68' title='bbox 817 942 859 991; x_wconf 90' lang='lat' dir='ltr'>in·</span> 
     </span>
     <span class='ocr_line' id='line_1_11' title="bbox 64 1013 860 1081; baseline -0.001 -15"><span class='ocrx_word' id='word_1_69' title='bbox 64 1021 107 1066; x_wconf 84' lang='lat' dir='ltr'>ter</span> <span class='ocrx_word' id='word_1_70' title='bbox 115 1013 324 1081; x_wconf 74' lang='lat' dir='ltr'>profusissimos</span> <span class='ocrx_word' id='word_1_71' title='bbox 336 1014 515 1065; x_wconf 87' lang='lat' dir='ltr'>obsoniorum</span> <span class='ocrx_word' id='word_1_72' title='bbox 526 1020 683 1081; x_wconf 86' lang='lat' dir='ltr'>apparatus,</span> <span class='ocrx_word' id='word_1_73' title='bbox 693 1015 771 1065; x_wconf 86' lang='lat' dir='ltr'>nulla</span> <span class='ocrx_word' id='word_1_74' title='bbox 779 1015 860 1066; x_wconf 84' lang='lat' dir='ltr'>lami-</span> 
     </span>
     <span class='ocr_line' id='line_1_12' title="bbox 22 1087 860 1154; baseline -0.002 -14"><span class='ocrx_word' id='word_1_75' title='bbox 22 1146 25 1151; x_wconf 51' lang='lat'>,</span> <span class='ocrx_word' id='word_1_76' title='bbox 64 1088 118 1140; x_wconf 88' lang='lat' dir='ltr'>liae</span> <span class='ocrx_word' id='word_1_77' title='bbox 139 1094 189 1139; x_wconf 82' lang='lat' dir='ltr'>aut</span> <span class='ocrx_word' id='word_1_78' title='bbox 207 1087 304 1138; x_wconf 88' lang='lat' dir='ltr'>militis</span> <span class='ocrx_word' id='word_1_79' title='bbox 323 1087 479 1154; x_wconf 88' lang='lat' dir='ltr'>disciplina,</span> <span class='ocrx_word' id='word_1_80' title='bbox 499 1087 613 1154; x_wconf 89' lang='lat' dir='ltr'>rapinas</span> <span class='ocrx_word' id='word_1_81' title='bbox 633 1103 666 1138; x_wconf 88' lang='lat' dir='ltr'>ac</span> <span class='ocrx_word' id='word_1_82' title='bbox 679 1088 860 1154; x_wconf 76' lang='lat' dir='ltr'>petulantiam</span> 
     </span>
     <span class='ocr_line' id='line_1_13' title="bbox 65 1161 858 1230; baseline -0.003 -16"><span class='ocrx_word' id='word_1_83' title='bbox 65 1163 188 1215; x_wconf 88' lang='lat' dir='ltr'>omnium</span> <span class='ocrx_word' id='word_1_84' title='bbox 207 1163 237 1212; x_wconf 92' lang='lat' dir='ltr'>in</span> <span class='ocrx_word' id='word_1_85' title='bbox 255 1161 349 1213; x_wconf 87' lang='lat' dir='ltr'>iocum</span> <span class='ocrx_word' id='word_1_86' title='bbox 367 1167 482 1226; x_wconf 89' lang='lat' dir='ltr'>vertens,</span> <span class='ocrx_word' id='word_1_87' title='bbox 504 1162 552 1230; x_wconf 90' lang='lat' dir='ltr'>qui</span> <span class='ocrx_word' id='word_1_88' title='bbox 570 1178 626 1214; x_wconf 91' lang='lat' dir='ltr'>non</span> <span class='ocrx_word' id='word_1_89' title='bbox 641 1164 763 1213; x_wconf 84' lang='lat' dir='ltr'>contenti</span> <span class='ocrx_word' id='word_1_90' title='bbox 777 1161 858 1229; x_wconf 91' lang='lat' dir='ltr'>epulo</span> 
     </span>
     <span class='ocr_line' id='line_1_14' title="bbox 63 1235 859 1306; baseline -0.001 -19"><span class='ocrx_word' id='word_1_91' title='bbox 63 1235 287 1306; x_wconf 84' lang='lat' dir='ltr'>ubiquo&#39;publlce</span> <span class='ocrx_word' id='word_1_92' title='bbox 296 1236 435 1301; x_wconf 88' lang='lat' dir='ltr'>praebito,</span> <span class='ocrx_word' id='word_1_93' title='bbox 447 1251 623 1303; x_wconf 86' lang='lat' dir='ltr'>quoscunque</span> <span class='ocrx_word' id='word_1_94' title='bbox 633 1236 773 1301; x_wconf 89' lang='lat' dir='ltr'>libuisset,</span> <span class='ocrx_word' id='word_1_95' title='bbox 787 1237 816 1286; x_wconf 88' lang='lat' dir='ltr'>in</span> <span class='ocrx_word' id='word_1_96' title='bbox 827 1237 859 1286; x_wconf 93' lang='lat' dir='ltr'>li-</span> 
     </span>
     <span class='ocr_line' id='line_1_15' title="bbox 64 1310 860 1379; baseline -0.001 -16"><span class='ocrx_word' id='word_1_97' title='bbox 64 1311 201 1363; x_wconf 85' lang='lat' dir='ltr'>bertatem</span> <span class='ocrx_word' id='word_1_98' title='bbox 212 1311 382 1375; x_wconf 88' lang='lat' dir='ltr'>asserebant,</span> <span class='ocrx_word' id='word_1_99' title='bbox 393 1310 506 1360; x_wconf 83' lang='lat' dir='ltr'>verbera</span> <span class='ocrx_word' id='word_1_100' title='bbox 517 1316 544 1361; x_wconf 92' lang='lat' dir='ltr'>et</span> <span class='ocrx_word' id='word_1_101' title='bbox 553 1311 649 1378; x_wconf 87' lang='lat' dir='ltr'>plagas</span> <span class='ocrx_word' id='word_1_102' title='bbox 655 1349 662 1375; x_wconf 93' lang='lat'>,</span> <span class='ocrx_word' id='word_1_103' title='bbox 675 1327 756 1379; x_wconf 87' lang='lat' dir='ltr'>saepe</span> <span class='ocrx_word' id='word_1_104' title='bbox 766 1311 860 1362; x_wconf 85' lang='lat' dir='ltr'>vulne-</span> 
     </span>
     <span class='ocr_line' id='line_1_16' title="bbox 63 1385 860 1450; baseline 0 -14"><span class='ocrx_word' id='word_1_105' title='bbox 63 1400 110 1450; x_wconf 83' lang='lat' dir='ltr'>ra,</span> <span class='ocrx_word' id='word_1_106' title='bbox 123 1399 320 1450; x_wconf 73' lang='lat' dir='ltr'>nonnumquam</span> <span class='ocrx_word' id='word_1_107' title='bbox 334 1399 427 1434; x_wconf 90' lang='lat' dir='ltr'>neoem</span> <span class='ocrx_word' id='word_1_108' title='bbox 441 1390 677 1449; x_wconf 87' lang='lat' dir='ltr'>repraesentantes</span> <span class='ocrx_word' id='word_1_109' title='bbox 692 1385 860 1436; x_wconf 84' lang='lat' dir='ltr'>adversanti-</span> 
     </span>
     <span class='ocr_line' id='line_1_17' title="bbox 65 1457 860 1526; baseline -0.003 -16"><span class='ocrx_word' id='word_1_110' title='bbox 65 1459 125 1510; x_wconf 82' lang='lat' dir='ltr'>bus.</span> <span class='ocrx_word' id='word_1_111' title='bbox 165 1458 255 1526; x_wconf 80' lang='lat' dir='ltr'>thue</span> <span class='ocrx_word' id='word_1_112' title='bbox 266 1473 391 1524; x_wconf 88' lang='lat' dir='ltr'>campos,</span> <span class='ocrx_word' id='word_1_113' title='bbox 402 1457 431 1507; x_wconf 90' lang='lat' dir='ltr'>in</span> <span class='ocrx_word' id='word_1_114' title='bbox 442 1457 541 1525; x_wconf 85' lang='lat' dir='ltr'>quibus</span> <span class='ocrx_word' id='word_1_115' title='bbox 555 1464 704 1524; x_wconf 84' lang='lat' dir='ltr'>pugnatum</span> <span class='ocrx_word' id='word_1_116' title='bbox 716 1463 769 1521; x_wconf 89' lang='lat' dir='ltr'>est,</span> <span class='ocrx_word' id='word_1_117' title='bbox 781 1459 860 1521; x_wconf 89' lang='lat' dir='ltr'>adiit,</span> 
     </span>
     <span class='ocr_line' id='line_1_18' title="bbox 66 1530 862 1599; baseline -0.005 -14"><span class='ocrx_word' id='word_1_118' title='bbox 66 1531 246 1585; x_wconf 84' lang='lat' dir='ltr'>abhorrentes</span> <span class='ocrx_word' id='word_1_119' title='bbox 266 1532 399 1599; x_wconf 87' lang='lat' dir='ltr'>quosdam</span> <span class='ocrx_word' id='word_1_120' title='bbox 421 1530 583 1581; x_wconf 87' lang='lat' dir='ltr'>cadaverum</span> <span class='ocrx_word' id='word_1_121' title='bbox 597 1531 689 1580; x_wconf 87' lang='lat' dir='ltr'>tabem</span> <span class='ocrx_word' id='word_1_122' title='bbox 704 1531 862 1581; x_wconf 85' lang='lat' dir='ltr'>detestabili</span> 
     </span>
     <span class='ocr_line' id='line_1_19' title="bbox 65 1601 860 1670; baseline -0.009 -10"><span class='ocrx_word' id='word_1_123' title='bbox 65 1623 133 1660; x_wconf 83' lang='lat' dir='ltr'>voce</span> <span class='ocrx_word' id='word_1_124' title='bbox 145 1606 308 1659; x_wconf 77' lang='lat' dir='ltr'>confirmare</span> <span class='ocrx_word' id='word_1_125' title='bbox 323 1621 406 1657; x_wconf 87' lang='lat' dir='ltr'>ansus</span> <span class='ocrx_word' id='word_1_126' title='bbox 417 1610 459 1656; x_wconf 87' lang='lat' dir='ltr'>est</span> <span class='ocrx_word' id='word_1_127' title='bbox 470 1622 476 1654; x_wconf 78' lang='lat' dir='ltr'>z</span> <span class='ocrx_word' id='word_1_128' title='bbox 498 1601 603 1670; x_wconf 82' lang='lat' dir='ltr'>Optime</span> <span class='ocrx_word' id='word_1_129' title='bbox 613 1605 681 1654; x_wconf 84' lang='lat' dir='ltr'>olere</span> <span class='ocrx_word' id='word_1_130' title='bbox 691 1603 804 1655; x_wconf 83' lang='lat' dir='ltr'>occisum</span> <span class='ocrx_word' id='word_1_131' title='bbox 814 1603 860 1654; x_wconf 87' lang='lat' dir='ltr'>bo-</span> 
     </span>
     <span class='ocr_line' id='line_1_20' title="bbox 65 1676 862 1745; baseline -0.009 -11"><span class='ocrx_word' id='word_1_132' title='bbox 65 1691 144 1745; x_wconf 78' lang='lat' dir='ltr'>etem,</span> <span class='ocrx_word' id='word_1_133' title='bbox 153 1682 188 1733; x_wconf 80' lang='lat' dir='ltr'>&#39;ct</span> <span class='ocrx_word' id='word_1_134' title='bbox 200 1680 290 1732; x_wconf 77' lang='lat' dir='ltr'>metius</span> <span class='ocrx_word' id='word_1_135' title='bbox 304 1679 392 1732; x_wconf 78' lang='lat' dir='ltr'>civem</span> <span class='ocrx_word' id='word_1_136' title='bbox 432 1676 490 1729; x_wconf 91' lang='lat' dir='ltr'>Nec</span> <span class='ocrx_word' id='word_1_137' title='bbox 503 1693 536 1728; x_wconf 91' lang='lat' dir='ltr'>eo</span> <span class='ocrx_word' id='word_1_138' title='bbox 552 1679 641 1728; x_wconf 86' lang='lat' dir='ltr'>secius</span> <span class='ocrx_word' id='word_1_139' title='bbox 656 1677 691 1727; x_wconf 92' lang='lat' dir='ltr'>ad</span> <span class='ocrx_word' id='word_1_140' title='bbox 706 1676 862 1728; x_wconf 89' lang='lat' dir='ltr'>leniendam</span> 
     </span>
     <span class='ocr_line' id='line_1_21' title="bbox 65 1750 859 1824; baseline -0.009 -16"><span class='ocrx_word' id='word_1_141' title='bbox 65 1756 230 1824; x_wconf 79' lang='lat' dir='ltr'>gravitatem</span> <span class='ocrx_word' id='word_1_142' title='bbox 245 1755 339 1807; x_wconf 90' lang='lat' dir='ltr'>odoris</span> <span class='ocrx_word' id='word_1_143' title='bbox 353 1754 500 1821; x_wconf 89' lang='lat' dir='ltr'>plurimum</span> <span class='ocrx_word' id='word_1_144' title='bbox 514 1752 583 1802; x_wconf 74' lang='lat' dir='ltr'>niori</span> <span class='ocrx_word' id='word_1_145' title='bbox 596 1751 741 1818; x_wconf 88' lang='lat' dir='ltr'>propalam</span> <span class='ocrx_word' id='word_1_146' title='bbox 755 1750 859 1814; x_wconf 87' lang='lat' dir='ltr'>hausit,</span> 
     </span>
     <span class='ocr_line' id='line_1_22' title="bbox 66 1826 862 1897; baseline -0.005 -17"><span class='ocrx_word' id='word_1_147' title='bbox 66 1830 170 1897; x_wconf 81' lang='lat' dir='ltr'>passim</span> <span class='ocrx_word' id='word_1_148' title='bbox 189 1845 224 1882; x_wconf 87' lang='lat' dir='ltr'>ue</span> <span class='ocrx_word' id='word_1_149' title='bbox 243 1829 345 1880; x_wconf 82' lang='lat' dir='ltr'>divisit.</span> <span class='ocrx_word' id='word_1_150' title='bbox 392 1828 458 1878; x_wconf 90' lang='lat' dir='ltr'>Pari</span> <span class='ocrx_word' id='word_1_151' title='bbox 475 1827 597 1878; x_wconf 83' lang='lat' dir='ltr'>vanitate</span> <span class='ocrx_word' id='word_1_152' title='bbox 617 1832 698 1894; x_wconf 89' lang='lat' dir='ltr'>atquc</span> <span class='ocrx_word' id='word_1_153' title='bbox 712 1826 862 1877; x_wconf 87' lang='lat' dir='ltr'>insolentia</span> 
     </span>
     <span class='ocr_line' id='line_1_23' title="bbox 67 1844 860 1975; baseline -0.008 -18"><span class='ocrx_word' id='word_1_154' title='bbox 67 1844 200 1975; x_wconf 68' lang='lat' dir='ltr'>lapidod,</span> <span class='ocrx_word' id='word_1_155' title='bbox 214 1904 363 1955; x_wconf 88' lang='lat' dir='ltr'>memoriae</span> <span class='ocrx_word' id='word_1_156' title='bbox 374 1901 491 1954; x_wconf 86' lang='lat' dir='ltr'>Othonis</span> <span class='ocrx_word' id='word_1_157' title='bbox 502 1902 676 1969; x_wconf 86' lang='lat' dir='ltr'>inscriptum,</span> <span class='ocrx_word' id='word_1_158' title='bbox 686 1901 809 1966; x_wconf 88' lang='lat' dir='ltr'>intuens,</span> <span class='ocrx_word' id='word_1_159' title='bbox 821 1900 860 1951; x_wconf 81' lang='lat' dir='ltr'>‹li-</span> 
     </span>
     <span class='ocr_line' id='line_1_24' title="bbox 67 1974 861 2048; baseline -0.005 -17"><span class='ocrx_word' id='word_1_160' title='bbox 67 1994 149 2048; x_wconf 76' lang='lat' dir='ltr'>gme</span> <span class='ocrx_word' id='word_1_161' title='bbox 159 1994 191 2030; x_wconf 83' lang='lat' dir='ltr'>eo</span> <span class='ocrx_word' id='word_1_162' title='bbox 199 1974 334 2028; x_wconf 76' lang='lat' dir='ltr'>Mausoleo</span> <span class='ocrx_word' id='word_1_163' title='bbox 345 1977 402 2027; x_wconf 87' lang='lat' dir='ltr'>ait:</span> <span class='ocrx_word' id='word_1_164' title='bbox 422 1977 634 2045; x_wconf 87' lang='lat' dir='ltr'>pugionemque,</span> <span class='ocrx_word' id='word_1_165' title='bbox 647 1991 701 2043; x_wconf 88' lang='lat' dir='ltr'>quc</span> <span class='ocrx_word' id='word_1_166' title='bbox 713 1992 742 2028; x_wconf 92' lang='lat' dir='ltr'>se</span> <span class='ocrx_word' id='word_1_167' title='bbox 751 1977 776 2027; x_wconf 85' lang='lat' dir='ltr'>is</span> <span class='ocrx_word' id='word_1_168' title='bbox 788 1975 861 2028; x_wconf 90' lang='lat' dir='ltr'>occi·</span> 
     </span>
     <span class='ocr_line' id='line_1_25' title="bbox 69 2046 860 2118; baseline 0.001 -16"><span class='ocrx_word' id='word_1_169' title='bbox 69 2046 157 2117; x_wconf 70' lang='lat' dir='ltr'>dmat&#39;,</span> <span class='ocrx_word' id='word_1_170' title='bbox 173 2052 204 2103; x_wconf 86' lang='lat' dir='ltr'>lu</span> <span class='ocrx_word' id='word_1_171' title='bbox 217 2050 442 2118; x_wconf 80' lang='lat' dir='ltr'>Agrippinensem</span> <span class='ocrx_word' id='word_1_172' title='bbox 457 2050 595 2101; x_wconf 89' lang='lat' dir='ltr'>coloniam</span> <span class='ocrx_word' id='word_1_173' title='bbox 613 2051 700 2115; x_wconf 87' lang='lat' dir='ltr'>misit,</span> <span class='ocrx_word' id='word_1_174' title='bbox 711 2051 798 2102; x_wconf 89' lang='lat' dir='ltr'>Marti</span> <span class='ocrx_word' id='word_1_175' title='bbox 815 2050 860 2103; x_wconf 86' lang='lat' dir='ltr'>de·</span> 
     </span>
     <span class='ocr_line' id='line_1_26' title="bbox 69 2123 861 2194; baseline -0.004 -16"><span class='ocrx_word' id='word_1_176' title='bbox 69 2125 223 2180; x_wconf 83' lang='lat' dir='ltr'>dicandum.</span> <span class='ocrx_word' id='word_1_177' title='bbox 270 2124 302 2175; x_wconf 90' lang='lat' dir='ltr'>ln</span> <span class='ocrx_word' id='word_1_178' title='bbox 325 2123 461 2193; x_wconf 77' lang='lat' dir='ltr'>Apennini</span> <span class='ocrx_word' id='word_1_179' title='bbox 483 2125 566 2174; x_wconf 90' lang='lat' dir='ltr'>etiam</span> <span class='ocrx_word' id='word_1_180' title='bbox 589 2125 662 2193; x_wconf 82' lang='lat' dir='ltr'>iugis</span> <span class='ocrx_word' id='word_1_181' title='bbox 685 2126 861 2194; x_wconf 88' lang='lat' dir='ltr'>pervigilium</span> 
     </span>
     <span class='ocr_line' id='line_1_27' title="bbox 12 2208 131 2253; baseline 0.008 -1"><span class='ocrx_word' id='word_1_182' title='bbox 12 2216 16 2223; x_wconf 92' lang='grc'><em>“</em></span> <span class='ocrx_word' id='word_1_183' title='bbox 110 2208 131 2253; x_wconf 86' lang='lat' dir='ltr'>t.</span> 
     </span>
     <span class='ocr_line' id='line_1_28' title="bbox 69 2202 860 2341; baseline -0.013 -12"><span class='ocrx_word' id='word_1_184' title='bbox 69 2202 171 2329; x_wconf 55' lang='lat' dir='ltr'>⁴2gin.</span> <span class='ocrx_word' id='word_1_185' title='bbox 191 2273 291 2324; x_wconf 89' lang='lat' dir='ltr'>Urbem</span> <span class='ocrx_word' id='word_1_186' title='bbox 308 2287 417 2341; x_wconf 84' lang='lat' dir='ltr'>quoque</span> <span class='ocrx_word' id='word_1_187' title='bbox 436 2270 471 2322; x_wconf 87' lang='lat' dir='ltr'>ad</span> <span class='ocrx_word' id='word_1_188' title='bbox 487 2271 631 2324; x_wconf 86' lang='lat' dir='ltr'>classicum</span> <span class='ocrx_word' id='word_1_189' title='bbox 644 2272 765 2334; x_wconf 90' lang='lat' dir='ltr'>introiit,</span> <span class='ocrx_word' id='word_1_190' title='bbox 781 2269 860 2337; x_wconf 88' lang='lat' dir='ltr'>palu·</span> 
     </span>
     <span class='ocr_line' id='line_1_29' title="bbox 70 2342 860 2416; baseline -0.009 -17"><span class='ocrx_word' id='word_1_191' title='bbox 70 2346 148 2401; x_wconf 81' lang='lat' dir='ltr'>datus</span> <span class='ocrx_word' id='word_1_192' title='bbox 161 2347 291 2416; x_wconf 79' lang='lat' dir='ltr'>ferroque</span> <span class='ocrx_word' id='word_1_193' title='bbox 306 2347 472 2409; x_wconf 88' lang='lat' dir='ltr'>succinctus,</span> <span class='ocrx_word' id='word_1_194' title='bbox 482 2345 554 2397; x_wconf 89' lang='lat' dir='ltr'>inter</span> <span class='ocrx_word' id='word_1_195' title='bbox 568 2347 646 2413; x_wconf 85' lang='lat' dir='ltr'>signa</span> <span class='ocrx_word' id='word_1_196' title='bbox 657 2350 739 2411; x_wconf 90' lang='lat' dir='ltr'>atque</span> <span class='ocrx_word' id='word_1_197' title='bbox 748 2342 860 2405; x_wconf 84' lang='lat' dir='ltr'>vexilla,</span> 
     </span>
     <span class='ocr_line' id='line_1_30' title="bbox 69 2415 859 2492; baseline -0.006 -22"><span class='ocrx_word' id='word_1_198' title='bbox 69 2422 202 2492; x_wconf 75' lang='lat' dir='ltr'>sagulatis</span> <span class='ocrx_word' id='word_1_199' title='bbox 214 2419 527 2484; x_wconf 80' lang='lat' dir='ltr'>comitibus,acdetectis</span> <span class='ocrx_word' id='word_1_200' title='bbox 538 2418 754 2472; x_wconf 85' lang='lat' dir='ltr'>commilitonum</span> <span class='ocrx_word' id='word_1_201' title='bbox 766 2415 859 2466; x_wconf 77' lang='lat' dir='ltr'>aruris.</span> 
     </span>
     <span class='ocr_line' id='line_1_31' title="bbox 67 2489 860 2565; baseline -0.013 -17"><span class='ocrx_word' id='word_1_202' title='bbox 67 2491 160 2565; x_wconf 80' lang='lat' dir='ltr'>Magis</span> <span class='ocrx_word' id='word_1_203' title='bbox 174 2495 273 2548; x_wconf 88' lang='lat' dir='ltr'>deinde</span> <span class='ocrx_word' id='word_1_204' title='bbox 287 2510 321 2546; x_wconf 89' lang='lat' dir='ltr'>ac</span> <span class='ocrx_word' id='word_1_205' title='bbox 329 2494 417 2561; x_wconf 89' lang='lat' dir='ltr'>magis</span> <span class='ocrx_word' id='word_1_206' title='bbox 428 2495 503 2545; x_wconf 91' lang='lat' dir='ltr'>omni</span> <span class='ocrx_word' id='word_1_207' title='bbox 513 2494 606 2546; x_wconf 87' lang='lat' dir='ltr'>divino</span> <span class='ocrx_word' id='word_1_208' title='bbox 617 2491 790 2557; x_wconf 89' lang='lat' dir='ltr'>humanoque</span> <span class='ocrx_word' id='word_1_209' title='bbox 800 2489 860 2539; x_wconf 90' lang='lat' dir='ltr'>iure</span> 
     </span>
     <span class='ocr_line' id='line_1_32' title="bbox 67 2561 859 2640; baseline -0.013 -18"><span class='ocrx_word' id='word_1_210' title='bbox 67 2572 207 2640; x_wconf 79' lang='lat' dir='ltr'>neglecto,</span> <span class='ocrx_word' id='word_1_211' title='bbox 218 2569 333 2621; x_wconf 78' lang='lat' dir='ltr'>Alliensi</span> <span class='ocrx_word' id='word_1_212' title='bbox 347 2568 390 2620; x_wconf 91' lang='lat' dir='ltr'>die</span> <span class='ocrx_word' id='word_1_213' title='bbox 405 2568 594 2636; x_wconf 84' lang='lat' dir='ltr'>pontificatum</span> <span class='ocrx_word' id='word_1_214' title='bbox 610 2565 757 2616; x_wconf 68' lang='lat' dir='ltr'>niaximum</span> <span class='ocrx_word' id='word_1_215' title='bbox 768 2561 859 2630; x_wconf 82' lang='lat' dir='ltr'>cepit:</span> 
     </span>
     <span class='ocr_line' id='line_1_33' title="bbox 65 2642 859 2706; baseline -0.015 -8"><span class='ocrx_word' id='word_1_216' title='bbox 65 2646 183 2698; x_wconf 68' lang='lat' dir='ltr'>coniitia</span> <span class='ocrx_word' id='word_1_217' title='bbox 196 2645 226 2696; x_wconf 88' lang='lat' dir='ltr'>ln</span> <span class='ocrx_word' id='word_1_218' title='bbox 241 2643 334 2695; x_wconf 88' lang='lat' dir='ltr'>decem</span> <span class='ocrx_word' id='word_1_219' title='bbox 348 2657 434 2694; x_wconf 86' lang='lat' dir='ltr'>annos</span> <span class='ocrx_word' id='word_1_220' title='bbox 446 2642 595 2703; x_wconf 87' lang='lat' dir='ltr'>ordinavit,</span> <span class='ocrx_word' id='word_1_221' title='bbox 607 2654 689 2706; x_wconf 88' lang='lat' dir='ltr'>seque</span> <span class='ocrx_word' id='word_1_222' title='bbox 698 2642 859 2705; x_wconf 88' lang='lat' dir='ltr'>perpetuum</span> 
     </span>
     <span class='ocr_line' id='line_1_34' title="bbox 67 2711 860 2781; baseline -0.014 -10"><span class='ocrx_word' id='word_1_223' title='bbox 67 2718 219 2774; x_wconf 82' lang='lat' dir='ltr'>consulem.</span> <span class='ocrx_word' id='word_1_224' title='bbox 256 2717 294 2769; x_wconf 90' lang='lat' dir='ltr'>Et</span> <span class='ocrx_word' id='word_1_225' title='bbox 304 2733 339 2770; x_wconf 90' lang='lat' dir='ltr'>ne</span> <span class='ocrx_word' id='word_1_226' title='bbox 354 2716 399 2768; x_wconf 89' lang='lat' dir='ltr'>cul</span> <span class='ocrx_word' id='word_1_227' title='bbox 412 2716 525 2768; x_wconf 89' lang='lat' dir='ltr'>dubium</span> <span class='ocrx_word' id='word_1_228' title='bbox 540 2714 624 2779; x_wconf 81' lang='lat' dir='ltr'>foret,</span> <span class='ocrx_word' id='word_1_229' title='bbox 636 2712 710 2781; x_wconf 81' lang='lat' dir='ltr'>quod</span> <span class='ocrx_word' id='word_1_230' title='bbox 720 2711 860 2779; x_wconf 85' lang='lat' dir='ltr'>exemplar</span> 
     </span>
    </p>
   </div>
   <div class='ocr_carea' id='block_1_3' title="bbox 0 0 947 3060">
    <p class='ocr_par' dir='ltr' id='par_1_3' title="bbox 0 0 947 3060">
     <span class='ocr_line' id='line_1_35' title="bbox 0 0 947 3060; baseline 0 0"><span class='ocrx_word' id='word_1_231' title='bbox 0 0 947 3060; x_wconf 95' lang='lat' dir='ltr'> </span> 
     </span>
    </p>
   </div>
  </div>
 </body>
</html>
