1822 3068
129 197 262 245 tonsos
289 193 444 243 censen.
479 162 558 242 cfr.
576 198 691 244 no-ss.
769 197 803 247 17

75 320 125 373 sde
135 320 239 372 Officiis
247 318 333 370 tertio
343 316 429 381 libro,
444 332 552 385 semper
562 319 705 373 Gaesarem
714 320 744 372 in
754 336 802 373 ore

75 396 141 448 uisse
149 392 294 462 Euripidis
304 407 408 456 versus,
420 407 489 459 quos
498 392 609 459 sicipse
619 395 763 447 convertit:

91 467 156 521 Nem
166 467 191 520 si
198 466 351 520 subudum
360 465 456 528 estiis,
467 466 600 535 regnandi
606 466 699 536 grotta

94 541 245 595 Vioidudum
256 549 309 592 est.-
328 539 388 591 aliis
397 539 473 591 re‘dcs
478 540 606 607 pietotfm
616 543 694 594 colas.

76 617 165 671 xxxt
187 617 279 678 Quum
294 629 361 681 ergo
376 614 513 666 sublatam
531 617 705 668 tribunorum
718 615 800 667 inter-

75 692 175 755 donem,
195 691 330 757 ipsosque
344 689 417 740 Urbe
438 690 552 741 cessisse
570 692 730 742 nundstnm
750 699 800 753 est,

75 767 167 818 emissis
178 763 325 817 confestim
337 763 406 814 clem
418 761 590 830 cohortibus,
604 781 638 817 ne
649 780 704 835 que
713 766 801 832 suspi-

75 846 233 903 nossretur,
255 845 282 890 et
296 837 455 904 spectaculo
465 838 577 904 pubiico
587 856 637 907 per
646 840 801 892 dissfmffle-

75 930 115 966 en
123 913 258 977 interfuit,
264 919 292 964 st
301 911 428 975 formem,
439 928 494 980 qus
502 911 595 965 ludum
605 915 801 982 gladiatorium

75 989 291 1051 zeedificaturus,
307 986 505 1050 consideravit,
521 993 595 1040 etex
606 989 802 1042 consuetudins

75 1064 138 1116 sirio
153 1080 183 1115 se
197 1062 337 1130 frequenti
356 1061 439 1112 dedit.
477 1061 584 1114 Deinde
601 1069 666 1130 post
678 1064 746 1115 solis
758 1079 802 1115 oe·

76 1153 118 1203 rm,
139 1138 223 1189 mulis
238 1152 254 1188 e
268 1136 395 1203 proximo
406 1136 523 1203 pistrino
534 1136 570 1188 sd
579 1135 734 1190 vehiculum
743 1138 803 1189 iun·

76 1250 81 1276 ,
95 1212 312 1266 occultissimum
326 1211 380 1261 iter
394 1211 503 1262 modico
519 1212 652 1263 comitutu
664 1213 803 1280 ingressus

89 1293 223 1355 monum,
238 1285 389 1337 luminibus
403 1286 557 1350 exstinctis,
578 1286 740 1340 decessisset
748 1287 802 1351 vie,

76 1361 253 1424 errabundus,
263 1359 376 1411 tandem
386 1359 422 1411 sd
431 1360 532 1424 lucem,
544 1360 612 1413 duce
621 1368 744 1429 reperto,
754 1376 805 1428 per

76 1437 227 1487 manuos
240 1433 366 1485 tramites
380 1434 495 1501 pedibus
510 1437 609 1496 evasit3
630 1442 804 1488 consecutus-

82 1508 208 1563 cobortes
222 1508 259 1559 ad
268 1508 438 1560 Rubiconem
452 1507 564 1572 flumen,
586 1510 634 1576 qni
647 1511 805 1576 provinciae

76 1585 147 1636 odnie
157 1589 228 1647 eret,
239 1583 363 1650 paullum
373 1583 509 1644 constitit3
529 1597 563 1633 ec
571 1590 710 1649 reputans,
722 1598 805 1651 quen-

84 1659 241 1721 moliretur,
253 1673 401 1709 conversus
411 1657 448 1708 ed
458 1657 612 1725 proximos,
626 1655 719 1708 Etiam
729 1671 805 1716 nune,

76 1734 116 1797 rit,
137 1731 247 1802 regredi
250 1747 402 1799 possumus:
422 1730 516 1796 quodsi
522 1730 686 1796 ponticulum
697 1727 806 1780 nuntie

76 1824 105 1871 ss,
116 1807 206 1860 omerio
215 1806 298 1856 annis
307 1804 412 1873 agenda
421 1813 506 1855 erum.

76 1880 187 1934 xxxss.
199 1878 347 1932 Cunctanti
358 1884 494 1930 ostentum
502 1878 560 1931 tale
568 1878 726 1931 factumest.
739 1879 805 1942 Qui-

76 1955 192 2008 [eximia
201 1952 390 2021 magnitudine
400 1959 428 2004 et
436 1952 570 2017 forme,in
579 1952 806 2022 proximosed'ens

76 2037 126 2082 ute
136 2028 275 2097 apperuit,
288 2026 420 2078 arundine
431 2043 543 2080 cuneus:
559 2028 594 2080 sd
605 2045 684 2098 quem
695 2031 806 2083 audien-

76 2120 174 2172 squum
184 2108 295 2172 praeter
304 2107 430 2168 pastores
444 2103 556 2170 plurimi
569 2104 653 2157 etium
663 2120 697 2157 ex
707 2107 803 2159 ustio-

77 2194 97 2231 n
106 2179 208 2231 milites
219 2176 433 2240 concurrissent,
448 2177 572 2245 interque
581 2194 630 2231 eos
640 2185 668 2232 et
677 2188 804 2233 nonesto·

80 2259 160 2322 rupte
170 2253 206 2304 eb
216 2267 273 2303 uno
284 2251 352 2302 tuba
361 2251 491 2317 prosiluit
501 2251 537 2303 ad
546 2252 653 2319 fiumen,
663 2261 692 2307 et
699 2255 806 2322 ingenti

77 2328 117 2381 itu
130 2328 279 2397 plussicum
293 2339 420 2390 exorsus,
441 2327 577 2393 pertendit
591 2328 626 2379 ad
641 2328 754 2380 alterum
769 2327 805 2376 ri-

77 2420 91 2455 ι.
108 2402 305 2464 Τπηοῦαεεατ,
316 2397 414 2462 Kotor,
425 2400 578 2468 inquitquo
589 2403 695 2454 deorum
704 2407 807 2453 ostento

77 2476 220 2531 hiemum
229 2473 451 2541 iniquitoseoeat.
489 2474 709 2528 Joctoaiecerte.

77 2551 200 2604 xxxin.
221 2550 310 2616 Atque
323 2549 365 2600 ite
384 2549 500 2601 usieeto
521 2551 655 2613 exercitu,
676 2544 808 2598 adhibitis

77 2627 135 2679 unis
155 2625 260 2695 piebis,
282 2624 331 2691 qui
347 2623 423 2692 pubi
435 2629 659 2691 supervenerunt,
678 2635 729 2687 pro
745 2635 808 2674 eon·

77 2700 192 2757 redden
202 2697 404 2764 miiitumfieus
414 2695 812 2768 tcrmeepeetorsdiscisre,

77 2802 195 2843 orrorr.
591 2793 612 2842 b
