1822 3068
87 183 121 233 ¹12
364 184 391 228 0.
419 182 605 230 suenoni!

87 309 210 375 tiumque
221 305 429 372 auspicantibus
442 319 499 358 non
511 304 683 356 tribrmetum
696 304 782 358 modo
796 305 845 375 legi

87 397 165 445 num,
185 380 234 432 sed
249 385 278 432 et
290 378 477 446 praefecturas
492 379 600 430 nlnmm
614 378 702 431 dedit:
723 394 758 431 ec
771 396 845 449 neqr

88 448 185 523 expers
195 460 348 506 muncrum
357 459 442 518 esset,
462 453 544 505 binos
553 453 714 521 plerumque
724 453 845 507 leticluri

87 523 248 598 prncpcsnit
260 527 377 595 singulis
391 527 454 578 elis.
491 527 622 594 Equitum
635 533 742 578 memus
755 527 845 597 ireque

86 612 129 656 ter
137 603 312 671 recognovit,
326 608 391 670 post
400 602 512 669 longam
521 601 756 667 intercapedinem
765 603 845 656 reduc

85 676 393 732 moretronsrectionis.
432 674 486 728 Sed
499 673 706 742 nequedetrubi
715 691 845 746 quemque

85 749 325 805 intrensvebeudc
341 751 377 802 sb
392 755 553 802 accusatore
562 762 661 816 pessus
671 755 723 815 est,
734 751 845 818 qnodlis

86 827 207 889 solebat3
227 831 255 877 et
265 825 342 878 senio
351 824 396 877 rel
406 824 501 892 ulique
511 823 638 891 corporis
647 823 712 876 lube
724 824 845 894 insignib'

85 901 222 969 permisit,
242 899 394 966 preemisso
405 899 435 950 in
445 898 542 950 ordine
556 912 641 965 equo,
663 897 699 949 sd
713 900 845 967 responde

86 977 163 1038 dum,
183 975 292 1041 quoties
307 973 469 1035 citarentur,
488 972 605 1040 pedibus
618 972 724 1025 venires
743 988 845 1027 mcxre

85 1049 170 1101 dendl
182 1048 247 1116 equi
259 1047 378 1116 gratiam
392 1046 460 1099 fecit
472 1047 525 1111 eis,
546 1046 595 1114 qni
607 1046 729 1100 maiores
744 1063 845 1103 ennom

86 1124 205 1192 quinquo
215 1128 243 1174 et
252 1123 367 1190 triginta
375 1122 493 1173 retinere
503 1136 564 1173 eum
574 1121 688 1173 nollent.

139 1197 268 1249 XXXIX.
287 1196 497 1264 lmpetretisque
512 1211 529 1246 a
543 1201 641 1248 senutn
660 1196 755 1248 decem
770 1197 845 1250 edint

83 1273 169 1336 ribus,
174 1286 391 1339 numnquemqne
401 1272 523 1339 equitum
533 1270 670 1322 rationem
679 1271 755 1324 vitus
763 1271 845 1325 redde

85 1346 187 1412 coegit:
208 1351 290 1413 atque
301 1360 334 1397 ex
344 1345 508 1412 improbetis
519 1345 591 1396 alios
601 1360 704 1412 poene,
716 1345 790 1399 elios
798 1347 845 1415 ign¹

83 1419 299 1472 mininnotnvit:
318 1419 412 1487 plures
422 1419 623 1484 admonitione,
639 1419 788 1473 sedverls.
811 1419 845 1471 li

82 1494 226 1546 dissimum
245 1509 331 1562 genus
351 1494 549 1546 admonitionis
568 1493 623 1545 fuit
644 1495 762 1547 nuditio
775 1498 845 1547 'core

83 1567 618 1712 bfflatrqlng'iufflffiessefflffi
624 1570 845 1697 mom

83 1719 202 1770 nrsrtuutl
210 1719 340 1786 graviore
348 1716 444 1769 fenore
455 1717 647 1768 collocassent.

138 1791 199 1844 XL.
220 1791 348 1844 comitiis
361 1791 530 1855 tribuniciis,
551 1792 576 1842 si
591 1790 716 1844 deessent
735 1791 845 1844 cendids

84 1872 238 1929 senatores,
259 1880 293 1916 ex
306 1865 445 1932 equitibus
455 1864 588 1917 Romanis
598 1866 715 1918 creavit:
734 1866 777 1918 ite
787 1873 845 1935 utp

81 1945 182 1992 testate
198 1944 340 1990 mausueta
356 1939 386 1989 in
405 1945 469 1990 utro
488 1939 590 1992 vellent
610 1940 707 1992 ordine
726 1956 845 1995 muneror

84 2016 174 2077 Quum
185 2019 275 2065 eutem
290 2012 414 2081 plerique
428 2013 562 2081 equitum,
583 2015 679 2067 utu-ito
693 2015 776 2068 bellis
789 2015 845 2069 civi]

83 2091 134 2140 bus
144 2084 326 2155 patrimonio,
347 2093 472 2156 spectare
483 2088 563 2140 ludos
574 2105 590 2141 e
600 2090 812 2156 quatuordecim
819 2105 845 2142 nr

83 2162 223 2226 auderent,
233 2168 308 2214 metu
317 2178 423 2230 poenae
432 2161 590 2225 theatralis3
608 2165 845 2231 pronunuevien

81 2237 171 2290 teneri
180 2239 226 2301 eu,
247 2236 347 2304 quibus
360 2237 430 2304 ipsis
438 2237 633 2304 parentibusue
644 2244 771 2305 equester
781 2254 845 2292 cens

81 2326 203 2381 unquam
216 2310 323 2362 firmet.
360 2310 480 2363 Romani
497 2311 595 2379 populi
608 2327 750 2365 recensum
764 2313 845 2366 vionti

83 2388 153 2455 egit:
172 2400 206 2438 nc
218 2401 254 2438 ne
265 2385 344 2453 plebs
358 2382 602 2438 innuentnn'onum
613 2401 698 2439 censu
707 2385 845 2456 frequenti

82 2478 100 2512 a
119 2460 239 2528 negotiis
258 2465 434 2525 evometur,
453 2465 497 2512 ter
515 2461 545 2512 in
565 2476 667 2512 unnum
681 2469 845 2530 quaternum

81 2537 215 2588 mensium
232 2540 353 2586 tesseres
371 2534 438 2587 darc
456 2534 616 2588 destinavit:
641 2537 690 2588 sed
710 2538 845 2590 desideres

83 2609 308 2662 consuetudinem
317 2614 436 2661 veterem
447 2610 584 2663 concessit
593 2625 697 2676 rursus,
702 2612 845 2665 utsuicnln

83 2699 136 2751 qne
148 2685 251 2735 mensis
266 2685 412 2753 occiperet.
451 2685 634 2738 comitiorum
654 2701 766 2755 quoquc
785 2687 845 2756 prin
