1874 3060
231 193 437 245 susumus.
472 196 552 247 cnr.
570 197 684 246 11-15.
810 198 861 253 ιιι

59 315 288 384 pensauriensi
297 324 325 370 et
335 317 490 385 eeingulis,
505 323 535 373 et
543 333 592 385 per
601 317 765 386 laetiorem,
776 327 804 374 et
813 322 860 377 de-

61 391 146 459 niqne
157 390 234 443 cirili
242 391 317 443 bello
327 390 473 445 infestatus
483 398 534 445 eet.
560 392 584 443 Ε
594 391 674 460 plebe
684 391 767 447 bomo
777 403 860 451 noete

60 465 154 517 medie
167 465 247 516 iuxte
261 465 417 518 cubiculum
430 467 490 520 eius
505 482 566 522 cum
580 467 700 535 pugione
711 467 858 535 depreb'on·

62 554 110 591 sns
123 544 179 590 est:
198 540 302 604 reperti
315 544 343 592 et
356 542 490 607 equestris
505 541 611 594 ordinis
630 541 686 594 duo
700 542 731 595 in
744 544 858 610 publieo

63 628 124 664 enm
135 611 238 664 dolone
249 628 283 665 ne
291 615 435 667 venatorio
446 616 536 669 eultm
551 615 767 683 praestolantes,
788 617 859 671 alter

62 693 94 737 ιιι
111 701 251 753 egmssnm
270 685 394 753 theatro,
419 690 490 741 einer
512 695 545 744 ut
563 690 764 743 sacrificantem
784 691 858 758 apud

61 761 162 813 Mortis
172 762 268 813 sedens
279 762 443 815 adoriretur.
477 763 709 831 Compiruvemnt
720 771 810 817 eutem
820 765 858 817 ed

61 849 107 887 res
115 844 205 887 n'ovss
215 833 314 887 (lullus
323 837 434 890 Asinium
448 841 476 889 et
486 836 612 891 Statilius
624 839 772 903 cominus,
791 838 856 892 Pol·

62 909 147 961 lionis
166 923 201 960 se
219 909 368 963 Messallae
388 917 529 964 oratorum
551 918 680 979 nepotes,
706 914 856 981 assumptis

64 983 252 1052 eonpluribus
261 983 368 1036 libertis
377 985 465 1051 ipsius
477 991 559 1052 etque
569 986 663 1039 servis.
700 987 809 1041 Bellum
819 989 857 1041 ei·

61 1058 216 1109 ιίὶιιιιιιίι
223 1058 324 1109 Furius
336 1058 466 1115 Camillus
477 1059 688 1124 Scribonianus,
698 1060 857 1115 Delmatiae

63 1131 185 1199 legetnm
202 1147 297 1183 rorum
310 1132 385 1184 intre
402 1134 527 1201 quintum
545 1133 618 1186 diem
638 1149 786 1201 oppressus
805 1143 856 1200 est,

62 1205 227 1273 legionibus,
239 1221 309 1274 qnae
318 1213 518 1261 recrementum
528 1213 712 1272 mutaverant,
723 1209 752 1261 in
762 1210 858 1275 poeni·

60 1280 175 1331 tentiam
186 1280 320 1346 religione
335 1282 487 1345 conversis,
507 1287 668 1351 postquam,
690 1281 856 1337 denunciato

62 1355 99 1405 od
106 1370 210 1407 novum
219 1354 413 1420 imperatorem
421 1356 533 1420 itinere,
554 1372 621 1411 essu
636 1356 757 1424 quodem
767 1372 804 1409 en
813 1358 856 1409 di·

60 1429 177 1492 vinitus,
196 1444 285 1496 neque
300 1430 395 1495 equile
409 1430 517 1492 enneli,
536 1444 624 1496 neque
639 1432 719 1498 signs
736 1432 856 1487 convelli

60 1503 386 1629 Μνέθηῖὶξῗιῗιιιῗιηιέξ
393 1593 475 1644 snper
489 1577 636 1644 pristinum
656 1582 776 1644 qrratnor
793 1593 854 1645 gos·

61 1652 110 1703 sits
131 1667 166 1705 ex
180 1651 281 1718 quihus
295 1652 366 1704 duos
378 1653 483 1718 primos
497 1651 626 1715 irmetim,
647 1657 789 1718 sequentes
804 1667 854 1718 per

60 1725 244 1790 intendinus,
255 1733 353 1794 querto
365 1741 499 1794 quemque
509 1741 590 1789 enno,
596 1732 751 1777 semestrem
761 1726 853 1779 nevis·

61 1802 168 1865 simum,
179 1801 322 1852 bimestres
333 1807 448 1865 ceteros,
457 1801 569 1854 sernum
580 1806 684 1862 eutem,
694 1814 768 1851 novo
779 1799 854 1853 circe

59 1875 211 1944 prinoipem
231 1876 369 1943 exemplo,
393 1877 424 1927 in
443 1876 535 1927 looum
554 1875 693 1927 demortui
711 1872 852 1927 suffectus.

59 1949 105 2001 lus
118 1957 148 2002 ot
160 1949 259 2001 eonsul
272 1955 299 2000 et
312 1956 391 2001 extre
400 1948 532 2003 honorem
543 1949 762 2001 laboriosissime
772 1948 853 2012 dixit,

59 2025 143 2077 enum
153 2025 211 2075 suis
224 2039 390 2091 suorumque
405 2024 502 2075 diebus
516 2023 708 2088 sollemnibus,
727 2039 852 2075 nonnun-

59 2114 141 2166 quam
160 2096 240 2150 festis
260 2114 369 2167 qnoque
389 2097 542 2167 antiquitus
562 2104 590 2149 et
607 2098 757 2164 religiosis.
793 2097 852 2151 Nee

58 2188 165 2240 semper
177 2173 349 2241 praescripta
362 2172 454 2240 legum
467 2178 590 2235 secutus,
610 2172 741 2224 dmitium
753 2170 851 2225 lenitu-

57 2253 145 2298 term
155 2246 303 2299 multarum
313 2263 347 2299 ex
356 2248 430 2300 bono
442 2252 470 2298 et
480 2261 582 2312 seque,
597 2245 710 2313 perinde
719 2250 751 2296 ut
761 2245 851 2297 effim-

57 2327 142 2385 retnr,
152 2320 311 2373 modernius
322 2328 371 2373 eet.
410 2320 481 2371 Nem
491 2326 519 2373 et
527 2321 573 2384 iis,
585 2321 633 2388 qui
642 2319 716 2387 eprrd
726 2318 851 2386 privatos

56 2395 163 2449 indies·
182 2395 245 2464 plns
263 2396 380 2462 petendo
400 2394 520 2447 formula
533 2394 710 2456 excidissent,
730 2391 851 2449 restituit

59 2470 196 2532 senonen
216 2471 282 2522 etin
295 2472 401 2522 meiero
413 2469 511 2522 fraude
526 2469 679 2532 eonvintos,
700 2465 852 2533 legitimum

57 2558 175 2611 poenum
184 2560 385 2612 supergressus,
396 2543 433 2595 ed
442 2543 546 2595 bestias
556 2541 755 2595 condemnavit.

110 2618 174 2672 XV.
194 2619 226 2669 ln
242 2618 433 2687 cognoscendo
449 2623 540 2670 eutem
555 2615 769 2671 nedsoemendo
779 2614 851 2667 mise

58 2693 191 2749 venene
205 2693 292 2757 enimi
303 2694 380 2758 fuit„
390 2692 473 2746 modo
489 2693 701 2759 circumspectus
713 2696 742 2745 et
754 2703 849 2758 seper,
