1822 3068
100 212 366 260 OGTAVIANUS.
402 210 480 259 CAP.
498 214 613 261 ai-oa.
722 214 756 266 85

63 350 184 403 arogno,
197 335 347 385 Caesareas
355 334 438 386 nrbes
450 330 642 401 condiderunt3
654 345 682 390 et
691 354 755 392 eun-

63 409 101 461 rul
119 409 216 462 aedem
235 409 310 460 lovis
329 408 451 477 Olympii
468 408 582 462 Athenis
604 412 754 481 antiquitus

63 491 117 536 tam
128 484 260 552 perficere
270 484 408 535 communi
420 491 531 553 sumptu
540 485 753 553 destinaverunt,

63 575 93 610 ue
105 560 166 611 eius
176 558 318 619 dedicare3
339 572 372 608 ae
386 574 468 626 saepe
482 559 574 627 regnis
583 559 688 612 relictis
695 576 752 614 non

70 634 168 696 modo,
180 632 228 684 sed
238 632 396 700 provincias
406 635 577 701 peragranti,
589 635 753 702 quotidiana

63 708 151 776 togati
165 722 199 758 ao
213 707 272 758 sine
285 707 363 774 regio
377 707 492 774 insigni,
513 723 591 761 mora
601 708 751 776 clientium,

63 788 160 834 ¹rorrmt.

64 857 85 907 l.
109 856 255 920 Quoniam,
267 855 751 927 qualisinimperiisaemagistrati-

64 931 217 999 egondaque
229 946 280 998 per
291 937 425 983 terrarum
440 932 533 983 orbem
542 947 612 1000 paee
621 934 750 1003 belloque

64 1021 99 1057 ea
112 1005 209 1069 fuerit,
230 1005 357 1072 exposui3
377 1004 494 1056 referam
509 1022 581 1058 nune
590 1006 749 1062 interiorem

64 1080 164 1132 llarem
176 1080 235 1131 eiras
244 1080 342 1144 vitam,
363 1079 515 1147 quibusque
528 1081 652 1133 moribus
667 1089 749 1151 atque

64 1153 155 1205 ‚domi
165 1161 193 1205 et
201 1154 273 1205 inter
283 1169 349 1205 suos
359 1155 457 1220 egerit,
469 1170 486 1205 a
495 1155 606 1206 iuventa
615 1157 749 1225 usquead

64 1245 110 1279 um
120 1229 194 1280 vitae
206 1228 287 1280 diem.
314 1229 431 1279 Matrem
443 1229 536 1280 amisit
544 1230 573 1281 in
582 1231 673 1298 primo
684 1244 749 1283 oon-

75 1318 199 1355 sororem
211 1301 353 1354 Ootaviam
365 1303 619 1370 quinquagesimum
629 1310 658 1358 et
667 1321 747 1374 quar·

64 1392 107 1429 ans
118 1378 218 1429 aetatis
229 1392 337 1428 annum.
370 1377 493 1444 Utrique,
504 1394 587 1445 quum
598 1381 748 1449 praecipua

64 1452 140 1504 virae
153 1452 348 1519 praestitisset,
369 1452 452 1502 etiam
467 1451 611 1506 deiunctae
629 1452 748 1508 honores

64 1527 207 1579 retribuit.
433 1528 441 1541 ⁸

64 1601 97 1652 ll.
122 1601 258 1669 Sponsam
282 1598 381 1652 habuit
404 1598 566 1650 adolescens
584 1597 616 1651 P.
637 1600 748 1653 Servilii

64 1676 72 1727 l
91 1676 190 1739 filiam3
214 1676 263 1728 sed
276 1673 472 1727 reconciliatus
484 1678 550 1741 post
560 1674 677 1740 primam
692 1675 748 1727 dis·

64 1768 79 1801 n
95 1751 228 1815 Antonio,
244 1749 483 1818 expostulantibus
496 1748 639 1816 utriusque
653 1749 749 1801 militi·

64 1832 90 1877 et
98 1824 299 1878 necessitudine
306 1824 588 1893 aliquainngerentur‚
594 1822 748 1893 privignam

64 1901 186 1965 audiam,
207 1899 322 1951 Fuluiae
336 1915 369 1951 ex
383 1897 415 1950 P.
432 1898 530 1950 Clodio
549 1898 648 1963 filiam,
670 1900 749 1953 duxlt

64 1994 82 2040 ι,
95 1976 208 2026 vixdum
222 1973 357 2025 nubilem:
377 1988 411 2024 ae
424 1974 564 2025 simultate
578 1988 638 2025 orum
649 1974 749 2029 Fulvia

64 2057 162 2114 sorta,
183 2048 290 2100 dimisit
307 2048 439 2099 intactam
460 2046 551 2100 adhue
563 2054 592 2101 et
603 2049 747 2118 virginem.

64 2125 210 2176 tribonlam
223 2124 253 2174 in
272 2123 477 2174 matrimonium
497 2124 614 2192 aceepit,
634 2133 749 2194 nuptam

65 2200 139 2251 obus
149 2197 354 2261 consularibus,
375 2211 409 2249 ex
424 2197 510 2250 altero
526 2198 608 2250 etiam
623 2206 747 2253 matrem.

64 2290 87 2326 re
97 2275 182 2326 etiam
192 2274 340 2325 divortium
351 2270 425 2336 feeit,
435 2278 591 2340 pertaesus,
600 2279 633 2324 ut
642 2273 748 2337 scribit,

76 2349 283 2417 perversitatem
297 2346 369 2408 elus3
394 2361 428 2398 ao
446 2347 539 2398 statm
552 2346 661 2397 Liviam
676 2346 749 2397 Dru·

65 2423 236 2476 matrimonio
246 2421 355 2473 Tiberii
363 2420 493 2486 Neronis,
515 2419 749 2489 etquidemprae·

65 2514 96 2564 n,
117 2498 246 2561 abduxit,
267 2496 417 2565 dilexitque
430 2502 459 2549 et
471 2494 601 2564 probavit
617 2493 698 2545 unlee
717 2508 751 2545 ao

65 2580 173 2700 'litii
184 2645 451 2710 scribonianum,
467 2658 501 2696 ει
510 2639 672 2693 luvianihll
681 2641 748 2695 uss

65 2723 131 2790 urllt,
143 2738 226 2793 quum
236 2721 356 2773 maxime
366 2724 485 2788 superet.
513 2715 615 2784 inians,
626 2718 675 2790 qul
684 2734 749 2773 eou-
