1822 3068
240 188 442 238 CALIGULA.
479 187 558 237 GAP.
577 190 694 236 51-60.
817 187 868 241 193

98 313 200 382 torporis
220 312 362 377 custodem
386 329 419 365 aa
437 311 586 365 nonnullos
601 327 634 364 ex
648 315 866 381 percussoribus,

97 388 208 455 maedam
217 389 302 440 etiam
313 393 454 440 senatores
464 388 604 452 innoxios,
615 388 818 440 interemerunt.

135 461 200 516 iix.
219 462 300 515 Vixit
310 462 390 513 annis
402 461 603 529 undetriginta:
623 461 770 528 imperavit
783 464 865 514 trien·

94 534 129 587 nio
145 543 169 589 et
187 537 280 589 decem
298 536 438 588 mensibus
459 536 608 603 diebusque
629 543 702 587 octo.
743 536 867 589 Cadaver

94 608 139 661 eius
146 610 211 662 eiam
219 612 250 662 in
261 609 358 663 honos
368 609 519 662 Lamianos
530 615 700 678 asportatum
704 648 712 675 ‚
730 616 757 661 et
765 610 865 661 tumul·

93 685 165 739 nmo
172 700 242 754 rogo
253 684 487 749 semiambustum,
492 684 547 736 levi
557 685 659 753 cespite
670 685 799 737 obrutum
809 690 863 735 est:

92 764 169 825 pastea
177 776 226 829 per
236 774 348 812 sorores
358 760 393 810 ab
409 759 508 811 exsilio
518 774 642 811 reversas
652 765 758 811 erutum
769 765 797 811 et
807 773 863 810 cre-

92 838 173 885 flamm
186 834 386 902 sepultumque.
426 832 500 885 Satis
519 840 639 898 constat,
659 835 819 901 priusquam
833 832 864 885 id

91 904 160 973 test,
179 907 323 961 hortorum
334 906 461 959 custodes
471 908 575 959 umbris
589 908 770 975 inquietatoa3
789 910 865 961 inea

92 992 180 1051 quoqne
190 983 284 1046 domo,
293 981 324 1033 in
333 997 390 1050 qna
400 982 676 1045 occubueritnullam
686 989 794 1036 noctem
804 985 864 1035 sine

92 1053 166 1123 duo
175 1062 283 1109 merore
292 1062 474 1120 transactam,
495 1055 583 1107 donee
592 1056 654 1122 ipsa
665 1057 762 1108 domus
772 1059 862 1109 incen-

90 1125 126 1181 dio
135 1136 293 1199 consumpta
302 1131 347 1182 sit.
370 1130 458 1182 Periit
466 1145 522 1181 una
532 1136 560 1181 et
569 1145 640 1182 uxor
650 1130 794 1194 Caesonia,
805 1132 863 1198 gla-

90 1200 125 1256 do
134 1220 150 1256 a
158 1206 317 1258 centurione
328 1204 466 1269 confossa,
478 1211 506 1257 et
515 1205 574 1256 tilia
583 1206 684 1273 parieti
692 1205 777 1256 illisa.

128 1277 184 1331 Lx.
206 1279 399 1333 conditionem
412 1286 566 1347 temporum
581 1280 692 1333 illorum
712 1281 795 1332 etiam
815 1297 864 1348 per

86 1346 139 1405 ineo
156 1355 315 1406 existimare
335 1354 425 1422 quivis
444 1355 542 1422 possit.
580 1354 652 1406 Nam
670 1371 757 1422 neque
778 1356 862 1408 caede

85 1426 180 1496 vulgata
200 1428 296 1480 statim
314 1427 447 1479 creditum
466 1435 520 1491 est3
543 1427 650 1496 fuitque
670 1430 804 1496 suspicio,
826 1431 861 1481 ab

83 1496 132 1567 isso
141 1503 209 1555 caio
220 1501 325 1554 famam
335 1502 427 1554 caedis
437 1502 594 1554 simulatam
604 1507 632 1552 et
641 1502 776 1566 emissam,
787 1508 862 1556 uteo

82 1584 150 1639 prmo
169 1576 312 1630 hominum
332 1592 397 1644 erga
411 1592 441 1629 se
454 1581 558 1628 mentes
571 1573 797 1642 deprehenderet:
816 1591 862 1628 ne-

82 1662 124 1717 pe
132 1651 272 1704 maturati
282 1651 410 1718 cuiqnam
418 1651 564 1719 imperium
575 1649 788 1701 destinaverunt.
825 1650 863 1701 Et

80 1730 177 1777 tmatns
187 1726 217 1778 in
230 1725 377 1776 asserenda
387 1726 514 1778 libertate
525 1726 594 1776 adeo
607 1723 790 1787 consensitut
799 1738 862 1776 eon·

79 1798 140 1852 utu
149 1801 241 1868 prImo
251 1813 308 1851 non
316 1799 347 1850 in
357 1800 470 1864 ennam,
482 1799 548 1867 quia
557 1799 628 1849 Iulia
637 1797 802 1862 vocabatur,
814 1798 863 1850 sed

76 1869 276 1943 incapitolinm
287 1880 482 1927 convocarent=
504 1873 615 1942 quidam
625 1887 700 1934 vero,
712 1874 862 1925 sententiae

76 1941 143 2015 loeo,
163 1947 331 2000 abolendam
346 1949 495 2000 Caesarum
508 1947 670 1999 memoriam
685 1961 718 1998 ae
728 1947 862 2000 diruenda

76 2022 352 2091 templacensuenmt.
392 2022 571 2074 Observatum
582 2027 673 2074 autem
682 2028 862 2092 notatumque

76 2098 145 2149 estin
154 2097 267 2166 primis,
288 2097 420 2149 caesares
432 2110 538 2160 omnes,
559 2097 658 2164 quibus
670 2096 732 2148 Gaii
745 2113 861 2166 praeno·

76 2186 127 2225 nen
135 2171 199 2236 inst,
210 2169 285 2222 ferro
295 2172 419 2239 periisse,
429 2171 487 2221 iam
495 2169 560 2223 inde
570 2171 605 2222 ab
617 2186 659 2236 eo,
671 2172 720 2238 qui
730 2172 862 2224 Cinnanis

76 2246 236 2317 emporibus
247 2245 285 2296 sit
295 2248 410 2300 orcistis.

352 2508 575 2543 *odewa—
