1822 3068
105 209 155 262 332
384 208 412 255 G.
435 206 624 255 SUETONH

105 332 224 400 pudicos
233 332 425 398 probaverant,
436 335 465 381 et
475 330 510 382 ob
516 329 551 380 'id
559 343 650 398 neque
660 328 736 396 apud
746 329 880 383 dnoeu'me

106 407 181 473 apud
190 406 291 457 militer
299 404 384 456 ullius
394 403 525 454 momenti
533 418 594 454 esse
602 404 739 469 potuisse.

162 479 210 531 x1.
229 479 299 530 Erat
312 484 402 530 autem
416 492 472 529 nou
487 476 577 528 solum
585 490 718 543 maguae,
729 477 778 529 sed
787 476 878 529 ctesid-

107 554 159 605 dae
172 553 386 620 inopinataeque
400 551 540 603 saevitiae.
578 550 710 603 actorem
724 566 876 614 mmmaron,

105 627 195 694 pridie
205 626 292 695 quam'
298 626 374 677 cruci
382 626 485 692 figeret,
495 624 525 674 in
535 623 695 675 cubiculum
704 626 818 689 vocarit,
827 624 875 675 ard·

107 701 171 753 dere
180 702 210 751 in
219 706 282 752 toro
292 700 371 750 iuxta
381 699 485 766 coegit,
496 713 622 749 securum
636 696 806 768 hilaremque
816 697 875 749 dai

107 775 152 838 eit,
163 774 287 842 partibus
297 774 381 824 etiam
391 773 424 824 de
435 786 521 824 coena
531 772 662 838 dignatus
672 779 723 824 eat.
747 772 875 824 Arretium

107 848 271 899 Clementem
282 845 776 911 consularemuuumatauiflaribur
784 844 874 898 menie
905 838 908 845 '

106 922 188 972 sariis
208 921 278 985 suis,
298 921 397 989 capitis
418 920 661 984 condemnaturum,
681 921 712 972 iu
730 920 829 983 eadem,
843 916 874 971 mi
903 974 906 987 ς

107 995 190 1046 etiam
202 995 232 1047 in
245 995 351 1047 maiore
366 995 458 1062 gratia
469 992 577 1057 habuit,
593 994 690 1062 quoad
703 991 874 1046 novimined-
903 1018 906 1023 ·

105 1069 164 1120 mul
176 1071 308 1136 gestanti,
323 1073 469 1137 conspecto
485 1067 609 1119 delatore
624 1068 703 1136 eiust
729 1066 788 1132 Vir,
799 1066 874 1133 inqut,
902 1062 906 1121 ζ

106 1142 176 1194 huuc
195 1143 379 1210 aequissimum
397 1157 498 1193 servum
516 1156 576 1193 oras
595 1141 761 1193 ammas?
794 1140 873 1209 iitqno
903 1138 906 1143 '

107 1218 288 1284 contemptim
311 1218 469 1269 abuteretur
490 1216 626 1284 patientia
648 1213 806 1280 homiuum,
825 1228 873 1266 nm

106 1305 188 1358 quam
197 1290 348 1342 tristiorem
359 1291 521 1342 seutentiam
531 1289 590 1340 sine
599 1289 777 1357 praefatione
785 1290 874 1343 clenn-

104 1364 162 1414 tiae
176 1365 386 1432 pronunciarit3
405 1370 506 1416 utnon
520 1363 598 1414 aliud
611 1364 670 1415 iam
684 1366 787 1416 certius
795 1360 873 1415 atrocis

106 1438 196 1489 exitus
211 1439 319 1505 signum
333 1445 417 1502 esset,
429 1454 510 1506 quam
519 1437 652 1506 principii
661 1438 773 1491 lenitas.
807 1438 873 1499 Quor

106 1510 169 1562 dam
184 1513 336 1565 maiestatis
350 1528 413 1564 reos
426 1513 456 1563 in
470 1512 573 1564 curiam
587 1512 757 1564 induxerats
775 1518 802 1564 et
812 1522 874 1580 qm!
904 1502 908 1563 l

105 1587 301 1655 praedixisset,
312 1594 479 1654 experturum
488 1602 515 1636 re
524 1584 570 1636 itta
581 1585 623 1636 die
626 1622 635 1648 ,
647 1602 729 1653 qaum
738 1602 812 1639 coras
819 1596 874 1636 rest·
905 1608 908 1630 ι

106 1661 148 1712 toi
161 1669 238 1724 estet,
252 1661 335 1713 facile
348 1660 512 1728 perfecerat,
527 1665 559 1710 ut
572 1660 659 1711 etiam
672 1677 751 1713 more
764 1660 874 1712 maioma
906 1652 909 1665 '

105 1736 238 1804 puniendi
257 1736 519 1788 condemnarentur:
540 1733 653 1798 deinde,
669 1736 813 1787 atrocitate
826 1746 874 1801 pot·

105 1825 158 1861 nae
173 1811 349 1874 conterritum,
365 1809 401 1860 ad
415 1808 570 1860 leniendam
582 1807 719 1859 invidiam
732 1806 875 1867 mereat,

106 1881 149 1933 his
158 1884 249 1935 verbis
260 1902 267 1933 ι
286 1899 373 1953 neque
384 1883 455 1935 enim
466 1884 500 1933 ab
511 1897 540 1932 re
549 1880 636 1932 fuerit
644 1883 706 1950 ipsa
717 1894 876 1951 cognosceret

107 1955 268 2019 Permittite,
275 1967 368 2023 patrer
379 1955 532 2023 corrtcripts',
543 1970 560 2005 a
566 1954 670 2022 pietate
678 1966 768 2008 vestm
777 1958 877 2025 inpetro

106 2029 145 2090 ri,
157 2030 227 2094 quod
235 2029 288 2080 seio
298 2046 339 2081 me
349 2031 493 2100 difficulter
501 2029 720 2096 impetraturam,
731 2040 765 2083 at
772 2024 878 2083 Μ

107 2102 215 2154 liberum
230 2103 323 2154 mortis
332 2104 473 2156 arbitrium
482 2103 652 2172 indulgeatis.
691 2098 878 2173 Nemetum

107 2176 142 2229 tis
152 2176 233 2230 orode
241 2177 345 2241 vestris,
361 2188 389 2231 et
400 2178 549 2249 intelligent
557 2193 598 2229 me
608 2194 696 2231 omues
707 2180 812 2233 senatui
818 2178 879 2232 irea-

122 2267 197 2303 cesse·

100 2252 126 2323 f
162 2326 223 2379 Xli.
246 2325 403 2379 Exhaustus
423 2343 535 2395 operum
554 2341 588 2378 ac
605 2343 752 2381 munerum
763 2325 880 2398 impende

106 2401 311 2471 stipendioque,
332 2402 406 2470 quod
424 2403 576 2465 adiecerat,
593 2404 713 2454 tentarit
732 2394 881 2471 quidemrd

105 2475 268 2528 relevandos
289 2482 440 2528 castrenses
459 2481 600 2544 sumptus,
620 2477 744 2529 militum
763 2486 881 2529 numen!

106 2548 280 2601 deminuere:
300 2551 348 2602 aed
364 2565 446 2619 quum
460 2556 488 2601 et
503 2550 654 2601 obnoxium
669 2566 698 2603 se
714 2552 839 2605 barbaris
848 2560 882 2618 pti

106 2619 159 2672 hoc
174 2624 414 2690 animadverteret,
429 2640 516 2692 neque
531 2639 564 2675 eo
580 2625 672 2676 secius
685 2626 717 2678 in
733 2622 881 2695 explic-nii·

102 2697 236 2753 oneribus
254 2695 396 2768 haereret,
415 2698 488 2752 nihii
502 2699 583 2766 pensi
601 2696 715 2767 habuit,
741 2703 809 2772 quin
825 2710 881 2770 pmr
