1822 3068
218 665 522 730 LUCANI
574 665 775 732 VITA.

404 838 574 846 ———=———-

405 848 574 859 ιιι-ι-ι--ηι

152 946 214 1028 Μ.
225 975 521 1039 ιιιιιυιιυοιιιι,
538 974 740 1036 cornubensis,
757 969 860 1040 panon

96 1049 174 1117 genii
191 1050 377 1118 experimenta
396 1051 426 1101 in
439 1049 559 1101 Neronis
577 1047 713 1100 laudibus
727 1047 801 1098 dedit
812 1043 868 1110 quin

98 1123 229 1192 quennali
239 1126 395 1175 certamine.
434 1124 506 1174 Dein
517 1122 598 1175 civile
608 1122 727 1185 bellum,
748 1119 870 1190 quodem

97 1197 232 1264 Pompeio
242 1205 271 1248 et
280 1199 398 1249 Caesare
408 1204 515 1265 gestum
525 1203 580 1260 est,
590 1197 731 1248 recitavit.
771 1194 821 1256 Qui
828 1199 870 1242 ttu-

98 1279 143 1321 tae
153 1268 275 1323 levitatis
285 1279 312 1323 et
322 1279 378 1323 tam
391 1272 591 1323 immoderatae
605 1271 720 1337 linguae
734 1269 799 1333 snit,
816 1264 870 1316 utin

97 1343 271 1412 praefatione
281 1347 401 1414 quadam
411 1353 529 1398 aetatem
538 1351 567 1395 et
575 1345 661 1396 initia
670 1360 723 1396 sua
734 1360 794 1395 eum
804 1338 871 1405 Virgi-

97 1419 137 1470 lio
153 1434 324 1488 comparans,
346 1435 430 1472 ansus
449 1422 487 1471 sit
505 1419 611 1471 dicere·
636 1427 806 1485 acquantum
824 1411 873 1465 miii

98 1495 229 1544 rectatad
238 1493 368 1546 Culicem?
405 1491 461 1545 Hic
472 1491 555 1545 initio
569 1492 791 1556 adolescentiae,
809 1503 872 1559 quon

100 1569 136 1618 ob
150 1567 280 1619 infestum
294 1569 497 1620 matrimonium
511 1574 620 1634 patrem
634 1582 716 1618 suum
735 1568 795 1618 ruri
812 1576 871 1630 agere

100 1643 181 1708 longe
192 1643 379 1709 cognovisset,
398 1653 545 1695 revocatus
553 1639 668 1694 Athenis
680 1656 697 1692 a
707 1641 872 1702 Neronem

100 1715 227 1782 hortique
238 1718 390 1768 amicorum
404 1717 526 1780 additus,
548 1722 632 1782 atque
645 1716 731 1767 etiam
747 1720 871 1796 quaestura

101 1789 264 1853 honoratus,
285 1807 340 1842 non
355 1799 445 1842 tamen
459 1790 631 1858 permansit
622 1806 652 1841 ιιι
663 1791 765 1856 gratia.
804 1784 871 1852 sipri-

101 1865 160 1912 dem
173 1878 254 1929 aegre
264 1862 365 1927 ferens,
380 1866 513 1916 recitante
523 1879 565 1927 se,
580 1864 691 1929 subito,
712 1880 746 1914 ac
755 1863 827 1914 nulla
834 1872 872 1910 n1s1

101 1936 281 2001 refrigerandi
291 1939 335 1987 sui
346 1954 456 2002 caussa,
467 1938 571 1989 indicto
582 1945 696 2002 senatu,
707 1938 836 1990 Neronem
844 1947 871 1981 rt

102 2009 227 2060 cessisse:
251 2025 339 2078 neque
358 2015 450 2064 verbis
471 2013 601 2063 adversus
622 2013 789 2080 principem,
807 2020 872 2075 neque

100 2084 182 2135 factis
202 2085 372 2135 exstantibus
392 2085 544 2151 posthaec
567 2088 745 2153 temperavit:
777 2087 838 2136 adeo
852 2084 872 2128 ui

102 2159 240 2226 qnondam
250 2159 279 2209 in
290 2158 401 2209 latrinis
412 2160 543 2227 publicis,
566 2160 688 2212 clariore
704 2162 818 2228 strepitu
828 2168 871 2205 ven-

102 2235 151 2284 tris
163 2233 271 2298 emisso,
282 2231 488 2285 hemestichium
498 2234 617 2286 Neronis
623 2250 747 2302 ,magna
758 2241 871 2286 conserto·

101 2324 161 2358 rum
181 2306 259 2374 fuga,
280 2309 481 2395 pronunciarit
511 2307 557 2359 snb
578 2307 658 2358 terris
681 2309 870 2384 tenuissemus·
907 2348 910 2353 .

103 2381 156 2432 Sed
167 2387 194 2432 et
203 2380 311 2433 famoso
323 2382 441 2433 carmine
452 2399 534 2449 quum
543 2382 651 2449 ipsum,
666 2390 727 2435 tum
742 2374 872 2452 potentior

101 2471 162 2505 mos
174 2456 324 2507 amicorum
326 2457 504 2525 ‚gravissime
514 2455 660 2525 proscidit.

158 2529 198 2579 Ad
210 2536 358 2581 extremum
368 2547 454 2598 paene
465 2530 580 2598 signifer
588 2529 763 2584 Pisonianae
774 2530 872 2590 conium

99 2601 184 2657 tionis
196 2604 315 2659 exstitit:
334 2607 437 2660 mnitns
449 2606 480 2657 in
493 2605 583 2673 gloria
597 2608 832 2673 tyrannicidarum
842 2611 872 2668 pa·
