1822 3068
115 203 253 253 IULIUS
279 199 438 253 chusan.
475 204 675 252 (himo-82.
760 204 794 257 43

66 341 104 383 tn
123 325 338 393 discerpserunt.
375 324 418 377 Ea
436 339 501 378 vero
521 332 614 391 noete,
638 330 684 381 eui
701 328 795 383 illuxit

73 400 180 465 emus,
201 405 230 452 at
242 400 304 467 ipse
316 398 371 455 sibi
384 400 459 452 visus
473 406 516 453 est
525 416 575 467 per
583 403 700 469 quietem
710 405 793 457 inter-

66 496 69 527 ι
82 490 168 543 supra
179 475 268 527 nubes
281 474 411 538 volitare,
432 475 502 527 alias
516 491 578 527 oum
592 475 657 527 love
671 476 794 530 dextram
877 539 880 544 ,

66 564 124 616 gere.
161 549 200 600 Et
209 547 441 615 Calpurnianum
452 549 605 617 imaginato
617 555 671 614 est,
692 551 792 603 collabi

66 622 601 692 'ighrmdommmarltumqueingremio
611 624 793 677 moconiodi:

66 700 138 751 abito
149 697 275 750 cubiculi
282 696 357 748 iores
367 704 464 763 sponte
475 705 630 764 potueruut.
669 699 711 751 Ob
725 697 794 751 haec

66 773 123 825 rlot
135 773 174 825 ob
187 772 326 823 bidrmam
336 771 518 824 valemdiuem
529 773 577 825 diu
586 779 743 838 cunctatus,
758 789 794 827 an

66 848 214 910 muneret,
234 852 275 910 et,
295 860 366 912 quoe
379 845 452 913 apud
469 853 592 898 sensuum
611 853 794 916 proposuerat

66 937 97 985 u,
117 920 256 982 differret;
277 920 400 984 tandem,
415 920 450 970 Ι).
461 921 547 973 Bruto
562 920 738 988 adhortante,
758 938 793 976 ue

66 1002 158 1049 ambas
187 1009 222 1047 ae
244 993 403 1045 ianrdudum
428 995 600 1061 opperientes
624 997 792 1062 desdtueret,

66 1069 166 1123 ualere
175 1067 246 1120 hora
255 1083 415 1135 progressus
426 1075 478 1120 eet:
493 1068 670 1137 libellumque
678 1072 793 1124 insidis·

74 1145 207 1206 indicem,
227 1142 263 1192 ab
278 1141 361 1194 obvio
373 1141 491 1208 quodam
501 1151 670 1209 porrectum,
689 1145 793 1199 libellis

66 1220 108 1283 ris,
119 1216 315 1286 quosslnistro
324 1217 533 1280 manutenebat,
545 1219 625 1284 quasi
634 1233 700 1272 mox
709 1219 793 1272 leutu-

71 1290 252 1345 oommisenit.
278 1288 349 1341 Dein
358 1288 482 1357 pluribus
492 1289 590 1343 hostiis
601 1294 697 1357 caesis,
710 1309 792 1361 quum

66 1382 84 1419 u
100 1382 158 1421 nou
172 1370 282 1432 posset,
301 1365 411 1416 introiit
425 1365 530 1417 ciuium
544 1373 636 1433 spreta
649 1368 792 1435 religione,

66 1442 222 1507 rinuamque
232 1438 361 1500 irridens,
381 1445 453 1492 etut
465 1438 704 1508 ialsumnrgoem,
725 1443 795 1508 quod

72 1517 123 1569 sua
136 1529 211 1567 noxa
225 1511 288 1564 ldse
302 1509 419 1565 Martiae
433 1513 569 1574 Mensam
593 1530 750 1582 quanquam
768 1518 793 1569 is

66 1606 98 1643 uo
106 1588 215 1658 quidem
224 1602 269 1638 eus
278 1587 389 1652 diceret,
399 1585 446 1639 ssd
453 1603 506 1638 non
511 1587 677 1652 praeterisse.

66 1663 197 1717 bxxxn.
220 1661 392 1715 deridentem
417 1661 569 1727 conspirati
592 1660 684 1727 speeie
708 1663 795 1715 offleii

66 1743 252 1793 mateteruntz
275 1736 406 1803 illicoque
418 1736 527 1787 Cimber
541 1734 655 1799 Tillius,
677 1735 726 1802 qui
739 1736 794 1803 pri·

69 1821 163 1883 partes
174 1816 346 1877 smeeperat,
362 1811 444 1878 quasi
458 1810 563 1878 aliquid
572 1816 721 1877 rogaturus
730 1824 794 1878 pro·

72 1888 205 1943 sesessit:
224 1885 403 1952 renuentique
418 1890 445 1936 et
458 1892 538 1951 gestu
550 1884 581 1937 in
596 1885 672 1937 allud
685 1891 793 1954 tempus

66 1964 140 2017 renti
159 1962 197 2012 ab
216 1965 337 2027 utroque
353 1957 465 2016 humero
485 1966 580 2026 togam
599 1958 792 2028 apprehendit:

66 2038 96 2091 de
111 2037 291 2098 clamantem,
311 2031 373 2085 Ista·
384 2033 487 2100 quidm
500 2033 539 2087 oia
552 2035 607 2087 esti
626 2034 695 2089 alter
705 2036 794 2089 Casca

66 2128 145 2164 usum
154 2109 291 2172 vulnerat,
302 2108 424 2174 paullum
433 2107 506 2160 infra
519 2109 652 2176 iugulum.
691 2111 794 2164 Caesar

66 2203 103 2240 as
117 2181 267 2239 brachium
280 2188 419 2250 arreptum
432 2181 548 2250 graphio
562 2184 686 2237 hoderit:
710 2201 792 2237 cona-

66 2278 96 2315 us
110 2259 259 2329 prosilire,
280 2257 336 2309 alio
351 2256 462 2311 uulnere
475 2258 600 2321 tardatus
615 2265 665 2313 ast.
703 2260 793 2326 thue

66 2334 205 2397 radvertiq
215 2331 337 2398 undique
346 2347 377 2383 se
387 2331 489 2385 suiuus
499 2334 664 2400 pugionibus
674 2333 739 2400 peti,
750 2338 792 2385 to·

66 2417 126 2480 rput
136 2406 278 2468 obvolvit3
288 2406 372 2457 simul
380 2405 493 2463 sinistra
502 2423 586 2463 manu
595 2408 685 2460 sinum
696 2405 794 2457 adima

66 2483 217 2546 ideduxit,
229 2496 282 2549 quo
294 2479 434 2532 honestius
445 2482 562 2546 caderet,
568 2483 652 2534 efiam
661 2479 793 2550 &feriore

66 2563 123 2615 nris
143 2562 227 2626 parte
246 2554 346 2607 velata.
383 2555 471 2622 Atque
489 2557 531 2609 ita
548 2557 638 2608 uibus
653 2559 681 2605 et
694 2553 794 2621 viginti

66 2654 83 2691 a
93 2633 249 2689 confossus
258 2635 308 2693 est,
318 2645 374 2681 uno
384 2629 468 2682 modo
480 2631 514 2682 ad
524 2631 641 2698 primum
652 2628 737 2679 istum
747 2642 792 2696 ge·

66 2713 139 2767 aine
154 2721 228 2761 vooe
242 2704 332 2768 edito3
355 2704 411 2757 etei
422 2704 597 2757 tradiderunt
610 2701 737 2770 quidam,
751 2702 791 2757 lli·
