1822 3068
87 193 122 247 86
283 186 286 191 ’
361 193 388 239 6.
413 191 604 241 ΒΠΕΤΟΝΠ

90 324 186 385 ceptus
196 323 268 382 erat,
287 316 450 369 mutaturus
463 320 505 367 eat
517 314 616 369 editus.
654 315 785 385 luliamp

87 392 237 457 Marcello,
253 390 384 443 Octaviae
397 390 503 444 sororis
516 405 583 443 suae
595 389 670 454 tuo,
689 397 786 445 tantun

88 468 235 535 pueritiam
243 480 370 534 spretam
388 464 501 528 deiude,
520 465 679 529 utisobiit,
693 465 735 518 Μ.
745 467 787 534 Ag

87 548 204 610 nuptum
214 540 298 602 dedit,
309 544 425 591 exorata
435 544 576 602 sorore,ut
585 539 640 591 sibi
648 553 753 606 genero
764 557 786 593 ct

88 615 160 669 Nam
169 622 237 667 tunc
244 614 366 681 Agrippa
379 612 495 665 alteram
504 613 701 665 Marcellarum
710 612 786 667 habel

88 705 122 743 ex
136 705 171 743 ea
184 690 295 741 liberos.
333 687 397 740 Hoc
415 702 524 755 quoque
544 686 687 751 deismcto,
707 689 786 743 multi

88 765 170 816 etiam
181 777 215 815 ex
229 763 349 831 equestri
363 762 471 825 ordine,
493 761 698 828 circumspectis
712 764 786 817 conti

86 839 150 902 hos,
171 838 313 889 Tiberium
335 836 490 903 privignum
512 851 592 887 auum
610 836 708 903 elegit,
734 842 786 902 coe

84 917 279 980 praegnantem
288 924 416 974 uxorem,
435 916 510 962 etex
524 925 580 978 qua
589 911 644 963 iam
655 918 736 979 pater
745 928 786 965 ere

84 987 201 1039 mittere.
237 985 278 1037 Μ.
288 985 422 1037 Antonius
431 985 541 1048 scribit,
554 983 672 1052 primam
682 1002 741 1038 eum
751 987 786 1039 Aa

78 1060 140 1131 μὴ)
152 1076 212 1125 pue,
232 1058 394 1127 amoram
407 1057 504 1111 Iuliam
507 1075 521 1120 ,·
540 1058 632 1111 deinde
647 1058 778 1124 Carmani,

83 1134 222 1204 mugi,
238 1151 289 1201 pac
299 1143 414 1200 tempore
421 1132 473 1185 stoi
482 1148 582 1201 quoque
591 1132 701 1187 invicem
704 1135 786 1205 filiun

83 1207 450 1275 ismarimoaicmpctiimt.

140 1282 239 1335 LXIV.
259 1282 380 1351 Nepotes
393 1297 428 1334 ex
437 1282 559 1350 Agrippa
572 1287 600 1334 et
611 1282 685 1334 Iulia
697 1290 756 1337 tres
769 1282 786 1335 h

84 1358 190 1422 Caimn,
199 1356 317 1411 Lucium
327 1363 355 1408 et
363 1357 525 1424 Agrippam
544 1362 639 1424 neptes
648 1357 728 1422 duas,
740 1359 786 1411 mn

83 1432 269 1500 Agrippinum
293 1432 390 1483 Iuliam
401 1430 435 1483 1..
445 1430 554 1496 Paullo,
566 1433 786 1498 consororinos

83 1507 176 1575 pinam
191 1505 368 1570 Germanico,
388 1507 494 1557 sororis
508 1521 574 1557 suae
588 1507 695 1573 nepoti,
716 1508 786 1561 collo

83 1581 332 1635 CaiumetLucium
338 1580 490 1648 adoptavit,
496 1581 572 1632 domi
581 1597 631 1648 per
640 1596 731 1635 uum
741 1583 786 1636 eti

83 1662 190 1725 emptos
200 1672 218 1708 a
227 1662 306 1725 patre
314 1655 448 1723 Agrippa,
458 1661 622 1724 tenerosque
632 1654 724 1709 adhuc
735 1658 786 1711 adt

82 1731 252 1799 reipublicae
261 1730 396 1793 admovit,
417 1735 445 1781 et
459 1729 586 1781 consules
600 1730 786 1798 designatosc

82 1805 240 1874 provincias
250 1804 439 1871 exercitioque
448 1803 561 1855 dimisit.
581 1804 683 1857 Filiam
693 1812 722 1859 et
730 1818 786 1874 nept

81 1879 214 1942 instituit,
232 1876 489 1930 utetiamlauiiicio
500 1877 697 1944 assuefaceret,
717 1887 786 1933 vetar

82 1953 161 2021 loqui
171 1958 219 2003 aut
229 1966 310 2018 agere
320 1952 480 2019 quicquam,
489 1953 544 2003 nisi
554 1955 712 2020 propalam,
724 1961 752 2007 et
761 1970 786 2025 qr

83 2027 197 2081 diurnos
207 2026 418 2079 commentarios
427 2024 582 2078 referretur.
602 2027 786 2082 Extraueorur

82 2102 145 2153 dem
155 2107 237 2153 coetu
246 2100 316 2153 adeo
326 2099 476 2167 prohibuit,
485 2107 517 2152 ut
526 2100 560 2153 L.
570 2100 696 2167 Vinicio,
707 2104 783 2157 claro

83 2191 171 2246 coque
180 2174 285 2239 iuveni,
296 2175 437 2242 scripserit
447 2176 597 2244 quondam,
604 2192 704 2243 param
713 2178 786 2231 mode

84 2251 149 2305 ciue
159 2266 229 2313 eum,
245 2248 410 2319 quodfila'cm
423 2265 498 2303 acam
507 2248 592 2301 Baiae
602 2252 748 2305 salutatum
755 2269 786 2305 ce

83 2326 205 2394 Nepotes
215 2330 244 2376 et
253 2324 349 2376 literas
359 2331 386 2377 et
394 2331 492 2377 notare
502 2325 613 2393 aliaque
622 2326 778 2379 rudimenta

83 2401 243 2470 plerumque
253 2399 362 2462 docuit,
383 2414 416 2451 ac
429 2397 499 2450 nihil
508 2414 594 2467 aeque
605 2400 772 2467 elaboravit,

82 2482 115 2527 ut
127 2475 302 2527 imitarentur
314 2471 525 2541 chirographum
540 2489 629 2525 sirum.
667 2474 764 2544 Neque
778 2491 786 2527 t

82 2550 123 2600 vit
132 2565 196 2612 uua,
207 2548 262 2599 nisi
271 2547 340 2598 utin
350 2548 406 2598 imo
417 2549 489 2598 lecto
500 2548 665 2611 assiderent;
675 2566 764 2618 neque
773 2551 786 2600 i

84 2623 130 2688 cit,
140 2625 237 2675 nisiut
245 2620 371 2675 vehiculo
383 2623 518 2673 anteirent
528 2627 577 2673 aut
586 2623 661 2673 circa
675 2624 786 2692 adequit

138 2696 226 2749 LXV.
247 2696 301 2751 Sed
311 2697 414 2749 laetum
427 2711 489 2749 eum
504 2702 587 2766 atque
600 2697 728 2751 fidentem
742 2705 786 2752 etr
