1874 3060
176 192 450 241 curiosissimus
468 191 703 243 Ganmmnricis.
784 194 834 248 353

48 332 107 386 sue,
131 321 164 368 ut
185 316 244 382 lpse
266 317 364 383 tradit,
389 318 589 385 sexagesimum
612 319 710 370 aetatis
733 334 832 370 annum

48 407 141 460 agens,
161 390 271 441 libellos
290 390 466 459 insomnem,
488 392 537 460 qui
548 407 621 444 nunc
634 391 755 444 Iocorum
775 392 831 462 [ln]

48 467 211 528 scribuntur,
233 481 395 533 componere
412 467 550 518 instituit:
579 467 751 537 absolvitque
770 482 832 519 cen·

48 556 99 592 uun
109 540 357 608 etquinquaginta,
374 542 474 610 quibus
484 547 511 593 et
521 541 592 592 alios
602 542 725 594 diversos
735 547 832 608 postea

48 614 159 665 addidit.
197 612 276 665 Fecit
289 619 316 665 et
333 630 433 667 novum
446 630 532 685 genus
545 621 714 683 togatarum,
735 616 831 667 inscri-

48 689 149 757 >sitque
160 687 302 739 holcetae.

95 761 185 813 XXll.
213 761 252 812 M.
277 762 444 813 Pouronrus
473 764 667 830 Menoeceus,
697 766 830 816 sernronls

48 836 138 888 batlni
152 843 265 888 exactor
278 835 499 902 molestissimus,
519 840 548 889 in
568 839 750 891 advocatione
764 854 831 908 qua·

48 912 106 962 iam
121 914 197 975 (nam
207 911 343 962 interdurn
354 917 381 962 ct
391 926 502 963 caussas
513 914 623 980 agebat)
638 913 831 966 soloecismum

48 986 201 1037 adversario
216 984 319 1036 facturn
331 1001 418 1052 usquo
432 986 502 1038 adeo
516 1001 629 1053 arguere
639 988 831 1056 perseveravit,

48 1060 136 1128 quoad
147 1060 258 1110 Cassius
269 1059 396 1125 Severus,
410 1060 591 1128 interpellatis
600 1062 751 1125 iudicibus,
763 1061 832 1112 dila-

48 1136 146 1187 tionem
160 1135 257 1202 petiit:
280 1143 313 1185 at
325 1133 446 1204 litigator
460 1150 521 1186 suus
535 1135 615 1187 alium
626 1135 832 1205 grammaticum

48 1208 191 1271 adhiberet,
216 1208 342 1273 “quondo
357 1225 409 1260 non
418 1218 500 1276 putot
517 1210 540 1261 is
559 1225 618 1261 cam
637 1209 786 1261 adsumtio
801 1209 833 1260 ds

47 1283 100 1335 ’utre
119 1281 181 1344 sibi,
202 1282 290 1333 redde
305 1281 450 1334 soloecismo
465 1283 667 1336 controversiam
679 1283 832 1356 fumeum.’'

48 1358 97 1409 illc
110 1357 183 1408 idom
199 1371 281 1424 quum
296 1370 330 1407 ex
344 1357 470 1409 oratione
483 1358 625 1410 Tiberium
644 1357 832 1427 reprehendis-

48 1438 94 1496 set,
108 1432 259 1482 affirmante
269 1430 360 1483 litteio
372 1431 513 1498 Capitone,
525 1440 552 1482 et
561 1446 614 1483 esse
622 1432 687 1482 illud
694 1432 830 1494 Latinum,

48 1515 79 1567 tl,
91 1504 116 1556 si
127 1521 180 1556 noa
190 1513 267 1566 esset,
276 1503 423 1575 fistisrum:
438 1504 578 1557 Carteiam
588 1505 721 1568 mentitur,
731 1507 830 1574 inquit,

48 1578 144 1646 Uopito.
187 1577 229 1629 Tu
240 1579 319 1641 enim,
333 1579 443 1642 Caesar,
454 1579 586 1632 Mistea
595 1581 659 1630 dore
664 1589 739 1646 potes
749 1579 831 1630 bomi-

48 1652 128 1715 ts‘bus,
140 1652 216 1704 uerbo
226 1662 367 1720 conpotes.
405 1653 530 1722 Pugilem
540 1654 607 1706 olim
616 1653 710 1718 fuisse,
720 1654 831 1704 Asinius

48 1726 138 1777 lellus
148 1725 240 1778 hocin
250 1743 311 1778 cum
322 1729 516 1796 epigrammate
526 1728 646 1780 ostendit
656 1746 662 1778 ε
676 1759 679 1765 -

118 1800 172 1864 Qui
181 1811 261 1868 caput
269 1803 305 1853 ad
313 1803 412 1854 loevam
423 1802 525 1868 didicit,
534 1804 693 1872 glossemata
703 1801 776 1853 nobis

154 1873 308 1943 Praecipit:
328 1893 356 1928 os
366 1879 474 1940 andorn,
485 1877 619 1945 oelpots'as
624 1876 744 1947 pugilis!

97 1949 197 1999 xxm,
219 1949 252 2010 Q.
262 1951 393 2002 Ronanus
404 1951 577 2016 Panionion,
588 1951 761 2015 vicentinus,
772 1964 830 2001 mu·

48 2024 116 2074 ieris
127 2039 223 2087 verna,
233 2024 335 2090 primo,
344 2032 377 2076 ut
385 2025 484 2091 ferunt,
495 2028 655 2091 textrinum,
667 2025 773 2090 deinde,
781 2023 830 2076 bs·

48 2098 119 2149 ilem
133 2098 220 2149 lilium
235 2099 298 2149 dum
314 2101 462 2152 comitatur
473 2102 503 2151 in
518 2100 640 2165 scholas,
650 2101 745 2153 literas
760 2099 831 2151 didi-

48 2173 96 2223 cit:
120 2179 217 2240 postea
230 2175 426 2238 manumissus,
446 2175 541 2227 docuit
553 2177 669 2239 Romae,
685 2191 718 2226 ac
730 2175 830 2243 princi-

48 2262 102 2314 pem
121 2246 214 2298 locum
232 2247 304 2298 inter
323 2249 517 2315 grammaticos
536 2250 640 2301 tenuit:
666 2263 830 2316 quamquam

51 2319 152 2371 niamis
163 2322 288 2372 omnibus
297 2323 386 2387 vitiis,
401 2323 546 2392 palamque
560 2331 588 2374 et
597 2324 710 2374 Tiberio
725 2329 753 2374 et
765 2336 830 2374 mox

48 2394 158 2446 ilaudio
169 2395 403 2461 praedicantibus,
417 2397 520 2448 nemini
528 2399 617 2448 minus
629 2397 829 2448 institutionem

48 2484 184 2536 iuerorem
194 2470 237 2521 vel
247 2471 374 2523 iuvenum
385 2471 605 2524 committendam
617 2488 624 2520 ε
644 2470 692 2521 sed
703 2471 830 2537 capiebat

48 2545 163 2596 nomines
174 2561 256 2614 quum
267 2545 399 2597 memoria
408 2562 507 2610 rerum,
516 2553 574 2596 tarn
584 2545 718 2596 facilitate
728 2557 829 2594 senno·

48 2619 100 2669 ris:
124 2635 175 2670 nec
188 2634 245 2670 non
259 2621 343 2672 etiarn
357 2627 486 2689 poemata
504 2620 625 2672 iaciebat
644 2633 678 2671 ex
696 2623 828 2684 tempore.

48 2693 156 2761 Scripsit
173 2695 259 2746 variis
278 2710 329 2747 nec
346 2695 505 2763 nugalibus
524 2695 626 2747 menis.
665 2693 830 2760 arrogantia

71 2786 214 2834 sunnon.
607 2787 635 2833 'b

48 2931 55 2976 l
