1874 3060
221 196 420 244 CALIGULA.
455 196 532 243 cir.
551 199 651 245 9-13.
783 197 834 250 163

33 321 158 384 dicaret,
173 317 268 372 Exitio
283 334 329 373 suo
345 314 510 386 omniumque
525 317 619 370 Caium
633 319 733 372 mesre.-
751 328 788 386 et,
799 321 834 374 ds

32 394 167 447 nutriam
179 396 327 462 (serpentis
337 395 367 445 id
381 399 479 461 genus)
489 394 586 461 populo
595 392 729 459 Romano,
745 394 832 448 reas·-

34 468 155 522 tiontem
166 467 225 519 ordi
233 477 366 525 terrarum
376 469 493 520 educere.

91 540 154 595 ΧΠ.
174 542 239 594 Non
247 544 289 593 ita
298 543 385 594 multo
400 549 464 610 post
473 543 580 593 lunium
591 540 771 607 Claudillam,
792 543 831 596 Μ.

33 617 125 671 silan
134 617 302 668 nobilissimi
310 617 365 668 viri
374 617 470 680 liliam,
480 616 561 667 duxit
570 630 694 668 uxorem.
724 617 832 671 Deinde

34 706 125 760 angm
137 692 167 743 in
181 692 272 743 locum
287 692 383 743 fratris
397 691 442 742 sni
455 691 541 741 Drusi
556 691 721 756 destinatus,
742 693 831 759 prius·

34 780 118 834 quam
127 767 352 832 inauguraretur,
373 766 409 816 ad
423 766 613 832 pontificatum
625 766 769 817 traductus
778 774 830 830 est,

33 841 307 908 insignitestimonio
318 841 431 908 pietatis
441 846 523 908 atque
535 840 652 904 indolis,
672 854 768 909 quum,
784 841 829 892 ds·

35 922 109 968 serta
128 915 308 982 desolataque
326 915 442 983 reliquls
465 914 597 965 subsidiis
619 914 696 979 aula,
717 914 830 980 Seiano,

34 990 140 1057 sospite
149 996 225 1053 tunc,
232 995 369 1058 suspecto,
376 1002 442 1040 mox
453 994 480 1040 et
491 1003 633 1056 oppresso,
638 988 674 1039 ad
685 991 760 1056 spem
770 1006 831 1041 suc-

36 1065 170 1116 cessionis
180 1063 324 1130 paullatim
336 1063 536 1115 admoneremur.
576 1062 730 1130 Quamque
742 1065 831 1130 magis

36 1139 221 1201 confirmaret,
231 1138 418 1189 amissaluuia
427 1151 461 1188 ex
470 1135 683 1204 partn,Ennlam
688 1135 831 1200 Naeuium,

36 1212 178 1264 Macronis
191 1226 319 1275 uxorem,
341 1213 390 1280 qui
403 1220 461 1263 tum
475 1211 660 1278 praetorianis
671 1208 831 1263 cohortibus

36 1293 172 1354 praeerat,
183 1286 345 1338 sollicitavit
355 1286 390 1336 ad
400 1292 537 1352 stuprum,
549 1285 690 1352 pollicitus
700 1291 728 1337 et
737 1286 830 1340 matri·

36 1362 158 1413 monium
172 1375 264 1424 stium,
285 1362 307 1410 sl
323 1361 429 1427 potitus
438 1361 554 1426 imperio
566 1359 677 1411 finisset:
698 1359 785 1428 deque
795 1374 830 1411 ea

35 1450 66 1486 re
78 1441 107 1488 et
119 1434 300 1486 iureiurando
315 1440 343 1486 et
361 1433 546 1501 chirographo
565 1434 647 1484 cavit.
686 1430 740 1484 Per
758 1432 829 1485 lianc

36 1509 193 1561 insinuatus
201 1509 341 1572 Macroni,
355 1522 458 1560 veneno
471 1507 612 1558 'liberium
624 1514 829 1572 aggressusest,

35 1590 66 1635 ut
74 1584 188 1654 quidam
200 1584 359 1650 opinantur:
379 1581 551 1649 spirantique
564 1578 653 1630 adhuc
663 1578 772 1630 detrahi
782 1594 829 1630 an-

36 1659 141 1722 nulum,
164 1664 203 1721 et,
224 1658 355 1725 qnoniam
369 1656 555 1723 suspicionem
572 1653 715 1704 retinentis
735 1653 828 1716 dabat,

36 1734 177 1801 pulvinum
186 1733 268 1784 iussit
276 1731 367 1795 inlici,
389 1737 471 1797 atque
485 1729 569 1780 etiam
582 1727 769 1779 fencesmanu
779 1742 830 1777 sua

37 1806 187 1876 oppressit:
209 1807 324 1869 liberto,
345 1807 394 1872 qui
408 1805 444 1856 ob
455 1803 631 1855 atrocitatem
640 1800 774 1852 facinoris
784 1815 829 1852 ex-

35 1882 214 1945 clamaverat,
234 1878 379 1932 confestim
391 1880 422 1930 in
433 1892 540 1931 crucem
551 1882 624 1928 acto.
662 1875 722 1927 Neo
731 1873 829 1926 ablior-

35 1963 75 2008 ret
94 1972 113 2007 a
131 1956 260 2020 veritate,
281 1968 364 2022 quum
378 1954 434 2004 sint
448 1953 561 2021 quidam
579 1955 720 2016 auctores,
739 1948 829 2017 ipsum

35 2037 148 2098 postea,
166 2031 219 2082 etsi
238 2045 295 2081 non
315 2029 349 2080 de
368 2027 504 2095 perfecto,
525 2032 555 2079 at
570 2031 642 2077 certe
657 2025 691 2077 de
706 2025 829 2092 cogitato

34 2104 174 2172 qnondam
193 2103 345 2172 parricidio
369 2101 532 2170 professum.
575 2099 733 2151 Gloriatum
756 2101 829 2151 enim

35 2177 121 2248 [esse]
135 2178 246 2230 assidue
255 2179 285 2229 in
295 2175 536 2229 commemoranda
545 2190 597 2226 sna
609 2175 727 2242 pietate,
746 2173 783 2224 cd
791 2175 829 2223 sst-

34 2252 183 2307 ciecendam
192 2268 280 2304 ascen
294 2249 388 2302 matris
402 2248 572 2320 sessanum,
592 2247 715 2300 introisse
729 2261 756 2297 se
770 2260 830 2297 eom

29 2327 148 2397 pugione
158 2327 303 2380 caliculum
317 2322 419 2376 Tiberii
429 2322 598 2384 locusmalim
613 2330 640 2374 st
648 2316 829 2372 laomen-dia

32 2410 184 2469 correptum
200 2401 301 2454 obiecto
313 2399 394 2471 ferro
408 2396 555 2451 recessisse:
580 2412 628 2448 uec
640 2394 725 2456 ilium,
747 2406 829 2458 quan-

31 2490 113 2564 quam
130 2475 262 2539 serisisset,
284 2483 334 2527 cut
350 2473 487 2540 inquirere
504 2471 644 2539 campum
663 2476 712 2519 eut
724 2465 832 2531 exsequi

30 2566 164 2677 uulgum.
181 2624 228 2677 Sic
236 2624 383 2692 imperium
394 2622 518 2690 adeptus,
529 2618 661 2687 populum
666 2614 829 2675 Romanum,

31 2700 77 2753 sel
87 2700 189 2765 dloem,
201 2698 341 2752 hominnm
352 2712 451 2766 genus,
460 2697 521 2748 voti
531 2687 820 2759 competentium

583 2785 635 2833 ni
