1822 3068
83 193 118 244 u
335 226 337 231 -
359 196 387 242 ὓ.
414 192 601 243 SUE'I'ONII

84 319 172 371 Bruto
183 319 299 371 irruenti
309 317 420 382 dixisse,
432 314 476 366 aas*
484 313 524 374 σύ,
534 315 634 376 steven
652 315 742 366 Exuni

83 393 253 461 fugientibim
263 393 381 457 montis,
402 391 574 460 aliquamdiu
582 391 682 454 iacent,
702 390 742 440 do:

85 482 134 520 one
142 468 315 536 inipoeitum
331 466 498 533 dependente
508 464 636 528 brachio,
647 471 703 516 tres
713 479 742 515 se

83 558 158 594 mum
167 543 326 594 retulerunt.
364 540 514 592 Neeintot
522 541 689 603 vulneribus,
699 545 742 590 ut.

84 617 207 669 mediore
217 615 406 679 exinanibat,
417 615 500 666 letale
509 614 596 665 ullum
606 621 742 680 repertum

85 689 297 758 qoodseeundo
318 689 381 741 looo
402 690 431 741 in
450 694 562 757 pectore
582 693 734 755 occeperat.

84 766 192 816 animm
202 763 367 828 ooniurntis,
378 778 479 832 corpus
490 763 577 814 occisi
584 764 614 813 in
624 761 742 814 Tiberim

60 859 63 864 ·
83 837 321 905 bonepubiieere‚
337 837 578 889 aetereseinderez
598 836 647 888 sed
656 836 742 887 metu?

82 913 123 963 nii
133 911 254 964 consulis
263 916 293 964 et
300 912 427 979 magistri
436 913 559 980 equitum
568 909 669 977 Lepidi
679 911 742 961 dest

138 985 291 1038 LXXXIII.
310 984 472 1038 Posuumte
482 1001 548 1054 ergo
559 985 592 1037 L.
604 984 705 1036 Pisone
715 1000 742 1035 so

84 1065 248 1113 {tomentum
262 1061 321 1112 eius
336 1061 458 1127 aperitur
471 1061 655 1126 reciteturque
665 1060 693 1109 in
704 1059 742 1109 An

83 1150 144 1199 mo,
164 1134 239 1202 quod
248 1133 343 1185 idibus
353 1134 557 1202 Septembribus
571 1134 705 1200 proximis
719 1133 742 1183 it

83 1224 121 1261 no
128 1224 182 1260 eno
192 1207 304 1272 ieeeret,
316 1208 580 1275 demandaveratque
589 1208 690 1274 virgini
699 1206 742 1259 Ve

83 1284 184 1336 nimae.
223 1283 257 1345 Q.
268 1283 378 1334 Tubero
389 1282 488 1347 tradit,
509 1279 634 1334 heredem
646 1283 680 1332 ab
691 1297 724 1333 eo
736 1298 742 1331 ε

83 1357 178 1423 litum,
198 1371 232 1408 ex
246 1357 392 1408 consulatu
405 1357 494 1424 ipsius
508 1357 597 1424 primo
612 1371 700 1423 usque
716 1357 742 1406 a(

85 1431 273 1496 mulinheim,
294 1431 345 1483 cm·
363 1430 538 1499 Pompeium
567 1430 651 1498 idque
670 1430 742 1480 milit

85 1506 381 1561 eoneioneseeitatum.
420 1505 475 1559 Sed
484 1506 634 1558 novissiuo
644 1510 742 1556 testum

83 1581 205 1633 instituit
214 1579 340 1645 heredes,
361 1596 488 1634 sororum
497 1586 623 1647 nepotes,
646 1580 675 1630 c.
688 1579 740 1630 Oet

86 1655 230 1721 dodrante,
240 1663 269 1708 et
277 1655 311 1707 L.
322 1655 463 1707 Pinarium
473 1660 502 1706 et
512 1654 546 1715 Q.
556 1653 670 1705 Pedium
681 1669 715 1705 ex
725 1670 742 1722 q

85 1731 208 1798 reIIquoz
225 1731 258 1782 iu
272 1730 329 1780 Ima
340 1743 404 1781 cere
414 1729 444 1779 0.
456 1728 600 1780 Octavium
610 1729 691 1780 etiem
702 1730 732 1779 in

85 1818 238 1871 nomenque
254 1802 410 1870 adoptavit:
430 1802 576 1870 pluresque
590 1818 742 1870 percussori

85 1878 194 1933 toribus
204 1877 268 1941 iiiii,
290 1876 315 1927 si
324 1876 386 1945 quis
396 1876 450 1928 sibi
465 1884 635 1942 nasceretur,
655 1878 742 1929 uomit

85 1952 203 2003 Brutum
213 1951 296 2003 edem
310 1951 341 2002 in
355 1951 483 2003 secundis
497 1949 651 2004 heredibus.
689 1951 742 2020 Pop

86 2032 132 2078 tos
142 2026 217 2078 eirea
226 2025 350 2078 Tiberim
360 2025 483 2093 publice,
495 2033 524 2078 et
531 2027 635 2079 viritim
644 2032 742 2079 trecen*

86 2101 151 2165 tior,
162 2100 271 2168 legavit.

128 2173 295 2228 LXXXIV.
314 2175 420 2228 Funere
429 2175 534 2228 indicto
540 2214 548 2241 ‚
568 2188 652 2243 rogus
667 2182 743 2227 exstr

86 2249 230 2303 ianortio
241 2251 359 2319 campo,
374 2252 453 2302 quta
462 2250 549 2302 Iuliae
558 2250 705 2302 tumulumt
726 2267 742 2302 e

87 2325 152 2377 stris
163 2330 262 2376 aurete
271 2325 354 2378 aedes
364 2325 400 2377 ad
409 2325 586 2378 simidaerum
595 2325 690 2392 templi
699 2323 741 2377 Ve

86 2400 194 2453 nitrien
205 2399 356 2463 collocem
374 2402 502 2468 Intraque
512 2400 598 2452 lectus
607 2401 741 2451 eburneus

87 2488 211 2543 purpure
221 2480 337 2539 suetus,
348 2480 377 2526 et
386 2474 422 2525 od
433 2481 516 2542 ooput
523 2481 668 2542 tropaeum
679 2490 740 2525 oum

89 2564 143 2617 que
157 2549 249 2601 fueret
267 2550 386 2601 occisus.
424 2548 645 2601 Praeferentibus
665 2565 742 2600 mune

88 2623 252 2675 suffeotums
263 2624 322 2676 dies
336 2638 392 2675 non
405 2624 563 2689 videbatur,
583 2630 742 2692 praereptor

89 2697 192 2749 omisso
203 2698 312 2764 ordIne,
333 2699 433 2766 qmbm
447 2698 563 2767 qunque
576 2699 660 2751 vellet
673 2700 741 2751 itine
