1822 3068
84 189 118 242 bb
363 191 390 237 G.
414 188 603 238 surarum!
628 208 631 213 ⁴

84 314 168 366 iustis
178 319 207 366 et
215 312 379 366 necessariis
394 313 485 366 causis
494 311 597 363 bellum
606 311 709 363 intulit.
749 312 756 361 ',

86 403 139 458 quc
154 388 244 441 abluit
257 404 275 440 a
288 388 440 458 cupiditate
453 401 566 456 quoquo
579 386 664 438 modo
678 387 756 455 impe]

84 463 214 528 bellicam
227 463 345 532 gloriam
360 461 491 530 augendi,
511 467 543 512 ut
560 460 731 528 quorundam
746 461 756 512 1

83 551 145 588 rum
154 538 292 607 principes
302 538 332 588 io
343 537 410 588 aede
419 536 520 586 Martis
529 535 635 586 Ultoris
644 535 737 585 iurare
748 551 756 586 t

83 626 230 664 mansuros
244 627 274 664 se
287 612 317 662 in
327 611 380 662 lide
391 625 424 662 ac
433 625 514 678 pace,
535 624 618 678 quam
631 615 756 677 peterent

84 685 200 737 busdam
210 701 275 737 vero
285 701 386 737 novum
397 699 482 752 genus
494 682 631 746 obsidum,
637 682 755 734 feminas

83 761 243 812 tentaverit:
264 758 338 828 quod
357 759 496 826 negligere
515 758 632 809 marium
646 758 756 825 pignora

83 835 144 885 bat:
155 839 284 886 ettamen
294 839 457 902 potestatem
468 847 575 901 semper
586 831 714 882 omnibus
723 831 756 883 le<

82 909 137 960 ties
146 907 259 971 vellent,
272 907 382 959 obsides
392 906 552 974 recipiendi.
590 905 686 975 Neque
697 913 746 956 aut

84 986 133 1033 aut
151 982 328 1050 perfidiosius
347 981 512 1033 rebellantes
526 981 655 1048 graviore
668 985 756 1049 unqua

83 1061 126 1107 est
134 1071 237 1124 poena,
249 1071 331 1125 quam
339 1061 372 1106 ut
382 1056 507 1123 captivos
516 1054 567 1105 snb
578 1054 638 1121 lege
647 1055 756 1106 venund

82 1131 111 1181 in
120 1131 214 1182 vicIna
222 1130 335 1198 regione
345 1130 486 1193 servirent,
491 1145 558 1180 neve
568 1129 643 1179 intra
651 1130 756 1180 triceslr

82 1219 148 1255 num
167 1203 358 1256 liberarentur.
403 1204 466 1266 Qua
488 1203 599 1254 virtutis
622 1203 756 1255 moderati

82 1277 158 1329 fama
167 1278 251 1330 Indos
261 1279 344 1330 etiam
355 1294 389 1329 ac
398 1277 525 1345 Scythas,
538 1277 635 1328 auditu
645 1278 728 1330 modo
741 1295 756 1330 c

82 1352 197 1421 pellexit
210 1353 246 1403 ad
261 1353 410 1404 amicitiam
426 1367 504 1403 suam
514 1351 665 1420 populique
674 1352 756 1404 Roma

82 1441 133 1494 per
141 1425 249 1494 legatos
260 1427 414 1496 petendam.
452 1424 550 1478 Parthi
563 1442 674 1496 quoque
684 1427 756 1479 etAr

81 1500 234 1552 vindicanti
244 1501 326 1554 facile
337 1507 487 1564 cesserunt,
509 1506 537 1552 et
550 1501 630 1568 signa
639 1501 756 1553 militari

81 1575 122 1626 Μ.
134 1574 235 1628 Crasso
245 1583 274 1628 et
282 1577 321 1627 Μ.
333 1576 452 1629 Antonio
464 1575 634 1639 ademerant,
650 1590 756 1644 reposct

83 1649 224 1715 diderunt,
246 1650 411 1719 obsidesque
428 1651 541 1719 Insuper
554 1649 725 1713 obtulerunt3
750 1668 756 1699 l

83 1724 208 1792 pluribus
218 1725 357 1794 quondam
368 1725 402 1776 dc
411 1738 496 1792 regno
512 1725 748 1790 concertantibus,

84 1799 192 1866 abipso
203 1797 319 1850 electum
330 1799 586 1866 comprobaverunt.

138 1871 227 1922 XXII.
246 1871 342 1923 lanum
358 1872 516 1938 Quirinum,
535 1873 620 1925 semel
639 1880 722 1944 atque
741 1876 756 1927 i

85 1945 274 1999 eonditaUrbe
284 1953 348 1999 ante
358 1947 518 1999 memoriam
528 1962 607 1998 suam
618 1948 752 2014 clausum,

82 2020 209 2072 breviore
219 2022 352 2088 temporis
362 2021 468 2089 spatio,
486 2027 562 2073 terra
571 2023 697 2090 marique
707 2039 756 2091 pat

81 2100 125 2146 ter
135 2094 225 2146 clusit.
262 2095 312 2146 Bis
323 2111 409 2147 ovans
418 2096 558 2162 ingressus
568 2103 611 2148 est
619 2096 730 2161 Urbem,
741 2115 756 2166 p

82 2168 219 2237 lippcnse,
241 2174 269 2221 et
281 2185 376 2222 rursus
390 2175 455 2238 post
469 2168 591 2221 Situlum
610 2169 723 2222 bellum.

82 2241 237 2311 triumphos
245 2250 302 2296 tres
313 2245 377 2312 egit
389 2244 589 2309 Dalmaticum,
598 2244 752 2312 Actiacum,

83 2316 201 2382 drinum,
214 2319 344 2371 continuo
355 2319 448 2370 triduo
460 2334 563 2371 omnes.

138 2391 240 2444 XXIII.
261 2392 542 2460 GravesIgnomInias
554 2393 701 2463 cladesque
711 2393 756 2445 dm

80 2483 119 2519 no
125 2504 134 2530 ,
143 2482 195 2518 nec
205 2466 274 2519 alibi
284 2483 365 2536 quam
375 2468 405 2519 in
416 2466 576 2532 Germania,
589 2469 708 2537 accepit,
719 2468 756 2521 L(

84 2549 112 2592 et
120 2539 285 2603 Varianam
302 2543 350 2595 sed
359 2542 518 2594 Lollianam
528 2543 644 2594 maioris
653 2541 756 2594 infami-

85 2613 253 2678 detrimenti3
272 2615 423 2668 Varianam
436 2631 524 2685 paene
538 2616 721 2680 exitiabilem,
742 2623 756 2669 t

82 2687 213 2754 glonibus
234 2706 295 2741 cum
316 2691 384 2743 duce
404 2692 558 2760 legatisque
577 2697 605 2744 et
623 2690 737 2743 auxiliis
753 2713 756 2737 ‹
