1874 3060
128 168 178 222 17⁰
409 164 440 214 (λ’
458 165 644 215 SUETONH

127 293 293 345 salutanmt.
329 288 474 357 Templum
487 288 572 340 etism
586 285 694 339 numini
706 301 757 338 suo
768 288 924 356 proprium,

128 373 156 420 st
170 365 342 429 sacerdotes,
363 369 391 416 et
405 362 656 429 excogitatissimas
670 359 777 413 hostias
789 362 923 416 imtinut.

126 440 271 507 intemplo
282 438 460 490 simulacrum
469 437 563 488 stabst
572 448 686 488 aureum
694 435 843 501 iconicum,
854 434 923 493 emis

127 514 305 580 ciebsttuque
316 512 440 580 quotidie
448 517 532 574 veste,
544 510 622 578 quali
630 510 690 576 ipse
699 515 831 576 uteretur.
860 511 921 562 Ma-

125 588 241 655 gisteria
250 585 399 639 sacerdotii
410 585 564 637 ditissimus
578 585 705 652 quisque,
726 590 754 636 et
768 585 921 639 ambitione

126 668 154 714 et
163 662 317 713 licitatione
326 660 568 724 maxima,vicibus
578 658 785 725 comparabant.
800 658 921 727 Hostiae

125 742 205 788 erant
214 733 434 803 phoenicopteri,
445 748 580 801 pavones,
589 738 742 796 tetraonas,
751 732 920 798 nmnidicse,

125 809 313 876 meleagrides,
324 807 483 876 phasianae,
495 823 565 877 quaa
574 806 726 874 generatim
735 821 784 876 per
794 806 921 874 singulos

125 884 184 935 dies
207 882 425 935 immolarentur.
468 882 505 933 Et
527 882 655 934 noctibus
680 880 790 949 quidem
809 879 920 948 plenam

123 956 326 1024 fulgentemque
339 956 432 1007 lunam
446 956 583 1007 invitabat
597 955 707 1006 assidue
726 955 757 1006 in
775 954 920 1022 amplexus

123 1038 206 1099 atque
217 1031 404 1082 concubitum:
422 1030 545 1082 interdiu
553 1044 619 1081 sero
631 1044 692 1081 curn
703 1028 863 1098 capitolino
874 1028 919 1083 lo·

122 1104 470 1157 vesseretoiabulsbatru:
490 1104 573 1156 modo
583 1104 771 1167 insusurrans,
792 1118 826 1157 ac
838 1116 918 1171 prae·

121 1179 189 1231 bens
198 1180 315 1230 invicem
325 1193 431 1242 aurem,
451 1177 533 1230 modo
545 1176 660 1242 clarius,
679 1192 731 1230 nec
738 1177 800 1231 siue
808 1176 917 1247 iurgiis.

121 1252 193 1304 Nam
202 1267 258 1304 vox
268 1253 460 1304 comminantis
471 1252 568 1304 audita
577 1257 631 1303 ests

335 1321 404 1385 'lips’
415 1320 522 1392 dadssp’,
531 1321 549 1390 ἢ
559 1322 606 1388 troi
618 1323 653 1384 οἱ,

122 1401 210 1453 donec
219 1405 363 1465 excretus,
378 1397 570 1464 utreierebat,
579 1400 646 1452 etin
656 1400 867 1453 contubernium
875 1401 922 1453 ub

120 1483 165 1526 tro
185 1473 330 1539 invitabis,
356 1472 439 1541 siper
460 1474 591 1541 templum
611 1472 678 1526 Diri
695 1474 814 1542 lingruti
832 1481 921 1542 ponte¹

121 1549 293 1614 transmisso,
298 1547 437 1601 Palatium
443 1548 664 1616 Capitoliumque
675 1549 828 1601 coniunxit.
838 1549 918 1613 Mox,

122 1638 177 1691 qno
192 1622 308 1692 propior
321 1629 406 1689 esset,
423 1624 455 1675 in
469 1639 535 1676 area
545 1623 704 1690 Capitolino
717 1638 807 1677 novae
817 1623 916 1677 domus

121 1697 301 1751 ismdamenta
310 1698 385 1749 iecit.

176 1771 277 1825 xxm.
296 1772 434 1839 Agrippas
447 1786 477 1823 se
490 1776 617 1839 nepotem
631 1786 720 1838 neque
734 1770 810 1823 credi
827 1784 916 1840 neque

121 1846 178 1898 dici
193 1847 230 1898 ob
242 1845 447 1912 ignobilitatem
460 1845 519 1897 eius
529 1845 654 1908 solebat,
673 1845 919 1915 succensebatque,

120 1920 205 1988 siqui
213 1919 257 1970 vel
268 1920 394 1971 motione
407 1919 451 1972 vel
465 1920 585 1972 carmine
598 1919 765 1986 imaginibus
775 1935 838 1972 eum
849 1919 915 1973 Ges·

120 2008 213 2044 sarum
222 1993 382 2045 insererent.
406 1992 590 2046 praedicabat
600 1999 699 2056 antem,
710 1999 828 2045 matrem
837 2008 914 2045 susm

121 2082 154 2120 es
164 2067 279 2131 incesto,
291 2067 367 2136 quod
376 2067 514 2135 Augtrstus
525 2083 587 2120 cum
596 2067 668 2119 iulia
678 2067 738 2118 filia
747 2067 913 2131 admisisset,

119 2147 303 2210 procreatam.
341 2141 380 2192 Ae
389 2157 446 2193 non
456 2148 600 2194 contentus
610 2140 662 2193 bec
670 2142 915 2208 Augusti-insecte-

119 2217 208 2280 tione,
223 2216 350 2268 Aetiscas
360 2216 523 2286 Siculasque
532 2216 677 2281 victorias,
692 2222 725 2267 ut
733 2215 858 2269 ismenias
867 2231 914 2283 po·

119 2287 186 2357 pnlo
197 2290 322 2342 Romano
334 2296 362 2342 et
371 2291 563 2355 calamitosas,
582 2291 670 2343 venuit
682 2290 865 2343 sollemnibus
876 2289 913 2342 ie·

119 2365 169 2414 riis
184 2365 326 2416 celebrari.
364 2364 476 2417 Liviam
484 2365 636 2432 Angustam
648 2366 794 2432 proaviam
807 2360 915 2434 messus

119 2439 396 2491 stolatumidentidem
407 2439 558 2507 appellans,
564 2440 648 2491 etiam
657 2438 845 2507 ignobilitatis
850 2453 913 2507 qua·

119 2512 183 2564 dam
203 2512 239 2563 ad
259 2519 384 2564 senatum
397 2513 517 2582 epistole
531 2528 646 2581 arguere
661 2529 745 2565 ausus
759 2519 815 2578 est,
836 2511 915 2582 quasi

118 2593 243 2640 materno
259 2602 311 2639 avc
327 2586 484 2639 Decurione
491 2587 628 2640 Fundano
643 2593 746 2650 ortsm3
766 2602 853 2656 qutun
866 2601 913 2657 pu·

112 2661 197 2714 blicis
213 2661 400 2716 monumentis
419 2666 523 2714 certum
536 2662 588 2727 sit,
605 2662 745 2733 Aufidium
756 2660 918 2723 immitem
