1874 3060
186 183 434 232 DOMITIANUS.
470 183 546 230 CAP.
564 186 680 232 15-18.
775 181 825 235 337

28 317 56 361 et
70 305 220 376 quomodo,
240 306 270 358 id
286 311 335 370 est,
355 305 527 359 lauantemne
541 321 577 357 an
588 311 755 371 coenantem,
777 321 823 373 ag·

27 383 223 451 gredereutur3
244 379 410 448 Stephanus,
430 380 594 432 Domitillae
611 372 777 448 procurator
796 387 824 432 ct

26 464 94 508 tunc
103 457 315 521 interceptarum
326 455 504 521 pecuniarum
513 469 589 519 reus,
601 454 746 506 consilium
758 467 822 520 cpe-

27 545 142 597 ramque
157 529 266 580 obtulit.
304 529 343 580 Ac
360 529 533 581 sinisteriore
545 526 673 593 brachio,
688 527 763 581 velut
776 541 821 578 ae·

26 619 92 673 gro,
106 603 180 654 lauis
193 602 342 670 fasciisque
352 619 402 670 per
412 598 521 670 aliquot
530 603 590 656 dies
600 603 636 654 ad
646 600 821 654 avertendam

27 678 212 744 suspicionem
229 677 373 740 obvoluto,
385 676 421 727 ad
434 678 524 744 ipsam
534 675 631 729 boram
642 676 769 728 dolonem
779 675 821 726 in·

25 752 147 805 teriscit:
168 750 362 819 professusque
372 751 587 818 conspirationis
595 751 737 815 iudicium,
747 755 775 802 et
785 749 821 800 ob

27 825 82 880 boc
92 825 239 888 admissus,
249 824 352 891 legenti
360 825 492 875 traditum
504 840 560 877 ase
569 825 701 890 libellum,
709 829 740 877 et
749 829 821 876 atto·

27 901 106 964 nito,
127 898 244 950 suffodit
261 899 385 966 inguina.
424 897 554 950 Saucium
574 914 608 950 ac
626 903 821 966 repugnantem

29 974 124 1026 adorti
133 973 285 1024 Clodianus
300 972 513 1036 cornicularius,
524 979 552 1024 et
560 973 699 1023 Maximus
707 969 821 1023 Parthe-

27 1049 69 1098 nii
82 1048 211 1111 libertus,
226 1053 254 1098 et
267 1046 394 1098 Saturius
408 1047 520 1099 decurio
536 1040 779 1110 cubiculariorum,
796 1052 823 1097 et

31 1121 145 1189 quidam
159 1137 174 1172 e
187 1121 356 1188 gladiatorio
372 1121 454 1185 ludo,
468 1120 631 1172 vulneribus.
641 1125 743 1188 septem
758 1114 822 1189 con·

29 1195 213 1248 trucidarunt.
256 1194 340 1259 Puer,
356 1196 416 1263 qui,
431 1210 513 1247 curae
526 1194 642 1246 Larium
656 1193 776 1245 cubiculi
790 1206 824 1244 ex

32 1269 230 1322 cousuetudine
244 1270 388 1332 assistens,
401 1269 528 1321 interfuit
542 1269 632 1333 caedi,
642 1267 697 1320 boc
706 1267 824 1335 emplius

31 1343 176 1407 narrebat,
192 1358 221 1394 se
234 1344 339 1394 iussum
350 1343 539 1403 allomitieuo
551 1344 587 1394 ud
599 1344 717 1410 primum
731 1334 824 1394 statim

32 1417 130 1471 vulnus
140 1417 288 1485 pugionem
297 1417 410 1486 pulvino
421 1417 561 1469 subditum
572 1419 721 1485 porrigere,
733 1432 766 1469 ac
775 1417 824 1470 uri-

32 1492 136 1544 uistros
149 1506 263 1555 vocare,
283 1491 420 1558 nequead
435 1496 518 1557 caput
531 1492 690 1559 quicquum,
710 1497 824 1558 excepto

34 1566 147 1634 capulo,
162 1571 190 1616 et
202 1571 345 1633 praeterea
355 1566 449 1617 omnia
462 1565 558 1616 clause
571 1565 704 1632 reperisse
716 1580 723 1627 ;
743 1570 826 1635 atque

33 1640 112 1691 illum
125 1640 249 1703 iuterim,
265 1645 391 1705 correpto
408 1639 580 1707 deductoque
595 1639 631 1690 ed
650 1645 752 1690 terram
766 1637 825 1690 Ste-

33 1712 144 1780 pbauo,
166 1713 344 1764 colluctatum
364 1713 424 1777 diu,
444 1712 509 1764 dum
522 1713 605 1764 mo'do
620 1712 722 1765 ferrum
735 1717 826 1764 extor-

34 1803 130 1857 quere,
140 1787 234 1851 modo,
246 1802 403 1856 quanquam
412 1787 524 1838 laniatis
535 1786 641 1854 digitis,
653 1786 749 1838 oculos
759 1784 826 1837 effo-

35 1862 99 1915 dere
111 1867 236 1914 conetur.
276 1861 389 1912 Occisus
400 1866 443 1913 est
455 1867 554 1929 quarto
566 1859 671 1912 decimo
685 1858 826 1912 Kalendas

37 1934 179 1999 Octobris,
194 1949 266 1986 auno
282 1936 381 1986 aetatis
392 1935 487 2002 quinto
502 1940 530 1986 et
544 1934 767 2003 quadragesimo,
776 1935 827 1985 im·

34 2010 105 2076 peril
116 2009 213 2077 quinto
224 2008 340 2060 decimo.
379 2009 503 2060 Cadaver
513 2008 580 2072 eius,
590 2008 720 2075 populari
729 2006 828 2060 sauda-

35 2083 95 2149 pila
112 2097 163 2150 per
182 2082 348 2148 vespillones
367 2088 542 2147 exportatum
560 2082 668 2151 Phyllis
686 2084 780 2146 nutrix
798 2084 828 2133 ln

36 2157 197 2210 suburbano
213 2171 264 2208 suo
279 2155 382 2206 Latina
394 2156 441 2205 via
454 2155 608 2208 funeravit:
628 2157 677 2209 sed
696 2157 828 2224 reliquias

35 2231 140 2298 templo
150 2230 264 2282 Flaviae
278 2229 367 2297 gentis
381 2229 451 2280 clam
464 2230 570 2295 intulit,
582 2230 771 2298 cineribusque
785 2230 828 2281 lu-

35 2305 105 2371 llae,
116 2305 191 2357 tiliae
201 2304 272 2368 liti,
284 2319 365 2371 quarn
376 2309 404 2356 et
413 2304 475 2371 ipsa
484 2305 626 2368 educaret,
638 2303 819 2355 commiscuit.

93 2378 195 2431 xvnl.
216 2378 328 2431 Statura
341 2377 395 2429 fuit
406 2394 535 2446 procera,
545 2378 624 2430 vultu
633 2376 773 2441 modesto,
784 2393 830 2428 ru-

36 2453 171 2522 borisque
183 2452 279 2521 pleno,
290 2452 440 2520 grandibus
456 2453 557 2517 oculis,
567 2467 661 2504 verum
676 2452 736 2503 acle
749 2450 829 2502 bebe-

35 2528 129 2580 tiore:
153 2532 296 2593 practerea
309 2524 423 2594 pulcher
437 2541 471 2577 ae
485 2527 595 2590 decens,
612 2525 732 2577 maxime
744 2525 774 2575 in
788 2525 830 2576 iu·

35 2608 133 2665 venta,
154 2607 182 2652 et
202 2601 312 2669 quidem
331 2605 391 2652 toto
413 2616 542 2668 corpore,
562 2599 684 2670 exceptis
703 2599 829 2668 pedibus,

36 2691 157 2746 quorum
171 2675 274 2742 digitos
288 2674 471 2727 restrictiores
484 2673 621 2738 babebat3
640 2681 739 2744 postea
749 2674 831 2727 calvi·

72 2768 219 2815 scaros.
606 2769 628 2814 l
