1874 3060
136 155 187 207 288
411 160 438 205 c.
463 157 652 206 sonantem

192 279 227 331 il.
249 280 366 346 Contra,
385 280 478 347 plures
493 288 633 333 auctorem
647 277 755 346 generis
772 278 931 331 libertinum

137 354 336 423 prodiderunt3
357 355 470 406 Cassius
484 354 613 418 Severus,
628 369 679 405 uec
692 354 783 405 minus
794 353 857 419 alii,
868 370 930 407 eua-

138 429 199 480 dem
214 435 242 481 et
255 436 376 481 sutorem
390 429 664 490 veteramentarium3
685 428 763 479 cuius
781 428 872 494 iilius,
891 446 930 481 se·

138 504 275 555 ctionibus
290 510 318 556 et
333 505 484 571 cognituris
494 505 606 555 uberius
618 502 808 571 compendium
822 510 927 567 nactus,

137 593 171 628 ex
181 577 294 630 muliere
303 579 420 646 vulgari,
425 577 554 630 Antiochi
565 576 877 641 cuiusdam,furnariam
886 593 928 630 ex·

136 654 267 717 craculis,
287 653 359 718 lilia,
380 654 498 722 equitem
517 653 671 705 Romanum
693 652 828 721 genuerit.
878 652 929 705 Sed

137 726 211 793 quod
222 726 372 795 discrepat,
384 728 459 778 sitin
469 728 570 779 medio.
610 726 735 777 Ceterum
745 724 777 778 P.
787 725 927 790 Vitellius,

137 800 219 852 domo
230 800 364 868 Nuceria,
376 804 433 854 siva
443 802 491 854 ille
501 802 596 871 stirpis
608 802 746 870 antiquae,
757 802 816 853 sive
826 801 926 870 puden·

137 874 350 943 disparentibus
360 883 442 945 atque
453 878 520 942 avis,
531 890 614 944 eques
625 882 696 927 certe
701 875 844 927 Romanus
855 882 882 928 et
889 891 928 928 re·

136 965 198 1001 rum
207 951 324 1018 Augusti
333 957 510 1020 procurator,
527 956 646 1018 quatuor
660 950 734 1003 lilios
745 950 928 1019 amplissimae

137 1023 290 1091 dignitatis,
296 1027 472 1093 cognomines
482 1040 516 1077 ac
524 1031 630 1077 tantum
641 1025 868 1092 praenominibus
878 1024 928 1076 dis

137 1100 248 1164 tinctos,
269 1100 395 1169 reliquit,
415 1100 526 1164 Aulum,
548 1100 691 1164 Quintum,
711 1099 857 1165 Publium,
876 1098 928 1151 Lu·

138 1174 218 1225 cium.
249 1175 334 1226 Aulus
344 1176 373 1225 in
383 1174 529 1226 consulatu
540 1174 619 1239 obiit,
631 1190 710 1243 quem
721 1191 783 1226 cum
794 1174 926 1238 Domitio,

136 1247 256 1299 Neronis
267 1248 394 1300 Caesaris
404 1256 495 1317 patre,
505 1251 624 1300 inierat:
643 1249 804 1316 praelautus
815 1249 926 1319 alioqui,

136 1320 315 1390 famosusque
334 1338 482 1376 coenarum
499 1323 712 1391 magnincenua.
751 1324 873 1386 Quintus
886 1338 926 1375 cs·

136 1396 308 1462 ruituram,
320 1413 403 1465 quum
413 1398 644 1450 auctore'llberlo
655 1399 761 1449 secerni
769 1399 862 1451 minus
869 1396 926 1449 itlo·

136 1486 205 1524 neos
225 1478 366 1527 senatores
385 1472 575 1540 removerique
592 1472 751 1539 placuisset.
799 1472 924 1536 Publius,

138 1545 296 1599 Gemianioi
316 1562 415 1612 comcs,
436 1548 485 1599 Cn.
496 1546 626 1600 Pbonem
643 1547 785 1599 inindcum
804 1554 835 1601 et
847 1548 924 1599 inter·

135 1619 268 1673 tectorem
287 1622 347 1674 eius
366 1623 506 1674 accusarit
526 1621 789 1691 condemnavitque3
814 1638 849 1675 ac
865 1627 924 1691 post

135 1702 282 1763 praetruae
292 1694 425 1749 bonorem
438 1700 511 1748 inter
520 1695 615 1748 Seiani
624 1696 751 1748 conscios
765 1702 920 1769 mutuati

135 1770 165 1820 in
176 1770 331 1821 custodiam
339 1770 420 1822 fratri
432 1771 523 1835 datus,
534 1770 643 1838 scalpro
654 1770 771 1823 librarlo
780 1786 866 1825 venas
874 1770 914 1823 sib

136 1844 252 1906 incidit3
272 1851 392 1896 nectam
405 1846 503 1896 mortis
517 1845 700 1912 poenitentia,
716 1860 802 1914 quam
814 1858 909 1899 moras

137 1918 333 1982 obtestatione,
346 1919 465 1986 obligari
476 1920 621 1986 curarique
630 1935 660 1971 se
668 1934 781 1987 passas,
791 1921 823 1973 in
833 1919 904 1973 eada

136 1992 264 2043 custodia
273 1993 371 2044 morbo
381 1995 472 2060 periit.
511 1992 616 2045 Lucius
626 2008 659 2045 ex
670 1994 818 2047 conmrlatu
828 1994 898 2062 aym

133 2066 320 2134 praepositus,
331 2068 511 2132 Artabanum,
522 2066 688 2120 Parthorum
696 2083 802 2136 regem,
813 2078 893 2121 minu

135 2141 241 2192 artibus
250 2156 306 2193 nou
316 2143 400 2194 modo
412 2142 447 2194 ad
458 2143 628 2210 colloquium
637 2158 725 2206 suum,
736 2143 879 2195 sedetiam

132 2216 289 2268 veneranda
299 2217 436 2285 legionum
447 2219 527 2285 signa
535 2218 656 2286 pellexit.
692 2217 762 2268 Mox
772 2232 835 2269 cura
844 2215 882 2267 cl

134 2288 182 2341 dio
201 2292 343 2358 principe,
367 2292 437 2343 duos
456 2294 569 2360 insuper
588 2292 745 2344 ordinarios
765 2290 876 2344 consuls

135 2380 330 2434 censuramque
349 2366 442 2434 gessit.
482 2368 582 2417 Curam
596 2382 705 2434 quoque
718 2367 833 2434 imperil
843 2381 872 2418 su

132 2439 205 2504 utut,
221 2442 333 2492 absente
347 2457 394 2507 eo,
408 2442 582 2509 expeditione
596 2442 775 2493 Britannicas
795 2442 866 2493 viris

133 2529 197 2565 oeus
211 2521 240 2566 et
251 2515 415 2580 industrius,
429 2517 478 2567 sed
492 2532 586 2567 amore
596 2516 740 2568 libertinae
750 2514 861 2585 perinte·

129 2588 210 2640 cuius
229 2589 314 2641 etiam
328 2591 422 2641 saliuis
436 2591 516 2642 melle
530 2592 699 2656 commixtis,
713 2607 764 2643 nec
780 2591 851 2643 clam

118 2662 183 2716 dem
196 2673 247 2718 ant
256 2683 338 2737 raro,
351 2667 401 2724 aed
411 2665 536 2739 quotidie
544 2665 691 2736 acquam,
700 2667 819 2719 arterias
827 2671 851 2717 et
