1874 3060
205 183 409 231 CALIGULA.
443 183 520 230 CAP.
539 186 653 233 18-22.
775 184 826 239 189

30 322 81 360 sos
95 311 200 370 autem,
220 306 269 374 qni
287 307 406 358 maxime
423 306 640 374 displicuissent,
661 308 826 376 scriptasue

29 381 150 450 spongia
160 380 288 447 linguave
299 380 391 432 delere
400 381 500 445 iussos,
510 381 566 431 nisi
575 380 671 432 senilis
683 383 826 451 obiurgari

30 462 81 506 aut
89 454 202 506 flumina
211 455 338 521 proximo
349 455 435 521 mergi
445 455 615 507 maluissent.

83 528 159 579 xxl.
181 528 272 595 Opere
282 529 333 579 sub
344 528 458 580 Tiberio
469 527 672 596 semiperfecta,
692 523 824 597 templum

26 602 145 670 Augusti
154 599 345 669 theatrumque
354 602 492 670 Pompeii,
513 601 641 656 absolvit.
679 601 823 655 inchoavit

28 683 119 728 autem
131 677 331 744 aquaeductum
346 677 458 744 regione
468 677 591 741 Tiburti,
611 683 639 728 et
652 675 821 745 amphithea-

26 757 99 802 trum
109 751 188 801 iuxta
199 749 295 817 Septa3
316 766 432 818 quorum
443 767 556 818 operum
567 767 584 802 a
593 767 751 803 successore
761 752 820 803 eius

28 824 146 876 Claudio
167 825 284 875 alterum
303 831 457 891 peractum,
483 826 614 878 omissum
634 825 749 878 alterum
768 832 819 878 ast.

27 897 175 966 Syracusis
186 899 310 966 collapsa
319 904 454 951 vetustate
469 900 579 951 moenia
592 899 760 969 deorumque
774 915 819 952 ae·

27 973 75 1024 ‹les
88 972 218 1024 reiectae.
256 972 451 1025 Destinarerat
469 980 497 1026 et
512 973 589 1025 Sami
601 972 760 1040 Polycratis
778 989 820 1026 re·

27 1048 100 1114 &am
109 1047 265 1111 restituere,
281 1047 372 1099 Mileti
382 1047 700 1114 Didymeumperagere,
713 1048 744 1098 in
753 1048 820 1115 iugo

27 1120 137 1189 Alpium
147 1121 243 1172 urbem
254 1122 384 1186 condere,
405 1122 454 1173 sed
469 1129 532 1174 oute
548 1121 641 1173 omniu
650 1119 781 1172 isthmum
790 1122 821 1172 iu

27 1193 133 1247 Achaia
147 1194 304 1262 perfodere
327 1196 493 1264 miseratque
507 1197 564 1247 iam
579 1195 615 1247 ad
625 1194 821 1247 dimetiendum

28 1285 97 1337 opus
106 1269 305 1336 primipilarem
318 1270 423 1322 Caium.

80 1342 170 1394 xxii.
191 1343 331 1395 Hactenus
343 1344 424 1413 quasi
430 1344 467 1398 de
476 1344 613 1412 principe;
626 1343 775 1412 reliquant
785 1344 819 1396 do

26 1423 150 1470 monstro
166 1418 305 1469 namauda
325 1425 396 1470 suut.
436 1419 629 1486 Compluribus
649 1419 818 1484 cognomini·

24 1491 76 1545 bus
87 1493 249 1559 assumptis,
271 1495 346 1556 (uam
357 1498 385 1544 ct
394 1492 472 1556 Pius,
489 1499 516 1544 et
527 1490 679 1543 Calamam
686 1491 775 1560 filies,
792 1499 820 1544 et

26 1565 110 1618 Pater
120 1565 296 1629 exoriturum,
312 1572 340 1618 et
351 1564 472 1634 Optimus
482 1564 617 1618 Maximus
628 1563 726 1615 Caesar
735 1580 817 1616 voca-

24 1640 130 1705 batur,)
142 1655 225 1708 quum
236 1640 345 1693 audiret
354 1641 426 1694 forte
436 1656 528 1708 reges,
540 1640 588 1708 qui
599 1638 684 1690 officii
694 1653 778 1688 causa
787 1639 817 1690 iu

25 1715 126 1766 Urbem
138 1714 315 1780 advenerant,
337 1721 524 1768 concertantes
538 1712 611 1780 apud
625 1728 655 1764 se
665 1727 747 1779 super
757 1727 818 1763 eoe-

23 1804 88 1841 nam
99 1789 288 1841 denobilitate
298 1791 418 1857 generis,
438 1788 614 1842 exclamavit:
640 1776 686 1842 liic
699 1781 818 1851 κοίρανος

25 1861 96 1922 loeo,
109 1853 281 1924 stetissemus·
320 1864 378 1916 Nec
391 1865 506 1916 insutum
520 1861 622 1925 abfuit,
643 1861 709 1929 quin
724 1861 818 1912 statim

25 1937 154 1990 diadema
173 1944 304 2003 sumeret,
324 1940 496 2007 speciemque
509 1933 679 2006 principatus
697 1935 727 1985 in
739 1935 818 2002 regni

22 2011 142 2064 formem
153 2017 332 2065 converteret.
369 2011 472 2064 Verum
487 2011 655 2073 adbsouitus,
676 2015 704 2061 et
717 2009 818 2077 princi·

22 2102 87 2155 pum
98 2093 126 2138 et
134 2102 229 2154 regum
239 2102 269 2138 se
279 2088 427 2139 excessisse
437 2086 592 2154 fastigium,
609 2084 728 2136 divinum
739 2099 773 2135 ex
783 2099 816 2135 eo

22 2162 195 2213 maiestatem
207 2174 328 2213 asserere
343 2162 399 2213 sibi
412 2161 513 2228 coepit.
551 2159 680 2226 [lutoque
693 2159 816 2225 negotio,

21 2240 53 2286 ut
65 2235 216 2287 simulacra
229 2236 385 2298 numinum,
405 2236 539 2302 religione
553 2239 581 2286 et
595 2239 654 2285 arte
664 2231 816 2299 praeclara,

20 2309 93 2362 hiber
107 2324 178 2378 quae
194 2309 318 2377 Olympii
326 2309 413 2373 lovis,
435 2313 673 2377 apportarenturc
688 2302 815 2368 Graecia,

22 2383 122 2452 quibus
132 2385 224 2451 capite
234 2383 344 2452 dempto
355 2399 435 2435 suum
444 2384 638 2451 imponeretur,
649 2383 754 2446 partem
763 2375 815 2427 Pa-

20 2457 84 2511 latii
93 2459 130 2510 ad
139 2458 232 2510 forum
244 2473 332 2526 usque
345 2458 496 2526 promovit,
517 2463 599 2525 atque
614 2452 681 2505 aede
692 2452 816 2502 Castoris

21 2539 48 2584 ot
61 2531 187 2585 Pollucis
206 2533 237 2583 in
254 2533 419 2584 vestibulum
433 2533 643 2599 transfigurata,
664 2525 816 2578 consistens

21 2621 104 2675 saepe
112 2608 186 2659 inter
195 2606 295 2659 iratres
305 2606 372 2658 deos
382 2606 488 2658 medius
499 2602 670 2658 adoraudum
678 2615 709 2651 se
715 2598 816 2650 adeun·

19 2682 95 2735 tibus
104 2680 265 2745 exhibebam
276 2681 426 2750 etquidem
435 2672 742 2734 eumbots‘oresslosem
752 2687 816 2727 econ

877 2800 904 2884 Ι
