1874 3060
149 179 261 228 NERO.
297 180 374 228 GAP.
394 182 510 228 24-2t.
676 183 728 235 ult

50 315 88 354 im
99 300 241 369 obtulerit,
251 303 296 356 vel
305 303 473 356 simultatem
486 304 629 371 indixerit,
644 313 727 375 prout

58 392 89 428 sc
98 379 186 444 magis
197 380 340 446 parciusue
351 378 500 430 laudasset.

50 449 87 502 l'l.
108 450 305 516 Petulantium,
317 452 467 517 libidinem,
479 452 625 517 luxuriam,
637 456 725 506 avari-

50 525 226 590 udelitatem,
238 528 337 578 sensim
349 527 460 594 quidem
469 527 559 595 primo
570 532 598 577 et
609 527 723 592 occidte,

50 600 138 651 ‚venili
157 615 262 665 errore,
279 602 412 664 exercuit,
428 600 476 652 sed
490 608 523 652 ut
534 606 601 651 tunc
615 612 724 669 quoque

55 674 159 725 nemini
171 673 255 737 foret,
270 680 385 726 naturae
395 675 446 725 ilia
455 675 537 738 vitia,
547 689 604 726 non
615 676 723 738 aetatis,

50 746 110 798 ,³0st
125 748 312 816 crepusculum
332 750 439 812 statim,
460 756 571 815 arrepto
591 748 665 817 pileo
680 749 724 801 vel

52 822 170 888 popinas
183 823 274 873 inibat
285 838 292 884 ;
313 824 468 891 circumque
481 824 559 874 vicos
569 823 724 890 vagabatur

50 895 109 958 dus,
125 911 175 946 nec
188 897 247 947 sine
261 897 382 962 pernicie
396 902 506 948 tamen=
527 898 662 964 siquidem
681 913 723 953 re·

55 984 72 1019 a
82 984 169 1020 coena
178 970 331 1034 verberare,
344 986 377 1021 ac
386 978 569 1037 repugnantes
579 971 724 1023 vulnerare
767 996 773 1043 j

50 1058 87 1109 ¹ue
108 1044 263 1110 demergere
285 1050 428 1106 assuerat;
461 1045 620 1096 tabernulas
640 1047 724 1097 etiam
763 1088 766 1097 .

50 1133 75 1168 re
95 1123 122 1168 et
142 1117 277 1184 expilare,
303 1119 436 1184 quintana
460 1119 536 1169 domi
561 1120 723 1182 constituta,

50 1196 93 1242 tae
113 1197 140 1242 et
164 1191 199 1242 ad
220 1191 401 1244 licitationem
421 1192 585 1244 dividendae
604 1193 724 1259 praedae
758 1188 763 1231 ἶ

66 1264 262 1317 absumeretur.
301 1266 340 1317 Ac
359 1281 441 1333 saepe
460 1268 489 1318 in
503 1267 640 1318 eiusmodi
654 1267 724 1318 rixis

50 1355 71 1389 m
83 1346 111 1391 et
120 1340 193 1391 vitae
204 1339 355 1408 periculum
366 1341 444 1405 adiit,
457 1357 473 1391 a
485 1342 604 1408 quodam
614 1341 721 1392 laticla-

50 1429 85 1464 us
105 1429 220 1466 uxorem
241 1419 445 1478 attrectaverat,
466 1429 552 1481 prope
571 1415 608 1465 ad
628 1430 722 1466 necem
761 1458 764 1464 .

73 1487 165 1549 Quare
175 1504 311 1555 nunquam
323 1493 421 1554 postea
431 1487 542 1553 publico
554 1503 583 1538 se
592 1488 662 1538 illud
672 1486 721 1539 ho·

60 1563 180 1613 tribunis
196 1563 345 1625 commisit,
361 1561 460 1628 procul
470 1568 497 1612 et
507 1560 613 1611 occulte
628 1561 721 1612 subse·

50 1652 80 1686 u.
118 1636 241 1688 Interdiu
261 1651 370 1705 quoque
391 1635 462 1686 clam
480 1635 633 1701 gestatoria
652 1634 722 1685 sellu

50 1708 233 1775 lntheatrum,
249 1710 434 1762 seditionibus
443 1707 676 1776 pantomimorum
687 1723 721 1759 ex

50 1785 154 1836 oscenii
164 1785 309 1852 superiori,
321 1783 436 1851 signifer
445 1782 528 1834 simul
538 1796 571 1833 ac
581 1786 721 1847 spectator

60 1858 98 1908 Et
108 1874 190 1924 quum
202 1859 237 1909 ad
247 1874 344 1910 manus
354 1861 465 1913 ,ventum
476 1862 556 1919 esset,
567 1854 719 1922 lapidibus-

50 1932 219 1985 rbselliorum
230 1933 412 1999 fragminibus
423 1933 621 1994 decertaretur,
632 1930 720 1982 multa

50 2006 96 2057 ecit
106 2007 134 2056 in
144 2007 289 2074 populum,
302 2013 384 2074 atque
395 2007 478 2059 etiam
488 2006 625 2074 praetoris
636 2012 719 2073 caput

50 2081 122 2131 lauit.

50 2153 93 2204 ill.
123 2153 272 2205 Paullatim
290 2169 356 2205 vero
381 2155 611 2206 invalescentibus
631 2156 717 2217 vitiis,

50 2243 60 2278 a
75 2232 104 2279 et
117 2228 238 2279 latebras
254 2229 359 2293 omisit,
380 2227 510 2296 nullaque
525 2227 718 2279 dissimulandi

54 2303 162 2353 maiora
177 2302 268 2368 palam
283 2303 382 2368 erupit.
420 2301 525 2370 Epulas
539 2317 557 2352 a
570 2300 661 2352 medio
673 2299 717 2350 die

50 2391 91 2426 am
105 2383 214 2427 noctem
228 2375 420 2445 protrahebat,
435 2375 541 2428 refotus
551 2374 662 2438 saepius
673 2387 716 2423 ca·

50 2451 128 2513 cinis,
141 2467 173 2502 ac
185 2458 309 2518 tempore
320 2451 425 2503 aestivo
439 2449 550 2501 nivatis.
590 2447 716 2497 coenita-

50 2539 233 2593 ronnunquam
248 2532 275 2577 et
288 2526 318 2576 in
327 2524 453 2592 publico,
464 2517 629 2573 naumachia
638 2534 715 2586 prae·
805 2585 808 2592 ¹

50 2598 76 2650 cl
90 2599 192 2651 Martio
209 2615 319 2667 campo,
339 2599 383 2649 vel
395 2598 475 2648 Circo
490 2595 624 2657 maximo,
645 2595 717 2644 inter

50 2688 76 2723 m
85 2667 173 2725 t'otius
183 2674 265 2724 Urbis
281 2672 543 2738 ambubaiaumoque
552 2668 715 2720 ministeria.

50 2773 97 2810 or.
485 2753 516 2818 u,
