1822 3068
55 173 56 176 ¹
88 204 123 256 eo
370 204 398 250 c.
422 202 627 251 suurouu·

90 330 196 396 desque
206 331 374 396 sappam,
389 325 526 378 aerarium
539 325 661 377 militare
671 340 747 377 cum⁴

89 403 142 456 bos
155 403 234 454 noris
248 401 378 454 instituit
416 399 521 468 lat-quo
536 399 653 451 celerius
668 415 747 452 scau

91 477 254 530 annunciarl
273 475 458 542 cognoscique
476 479 583 541 posset,
604 473 672 541 quid
691 475 722 525 in
741 491 747 542 1

90 564 199 620 quaque
208 556 360 619 gereretur,
379 549 491 600 iuvenes
501 548 590 615 primo
601 547 747 600 modieisir

88 640 139 693 per
146 625 281 676 militares
290 624 360 687 rias,
372 621 471 673 dehinc
478 620 613 686 vehicula,
625 621 747 689 disposu'

88 699 197 751 modius
207 699 237 749 id
246 699 335 749 risum
345 703 395 760 est,
405 702 444 760 ut,
457 696 505 763 qui
515 711 532 746 a
542 695 605 746 loeo
616 696 747 762 perferret

87 773 171 825 iidem
176 771 342 838 interrogari
347 769 567 839 quoque,siquid
574 785 619 821 res
624 770 747 837 exigeret

86 872 89 877 ·
144 845 178 897 L.
198 845 229 896 lu
243 845 441 913 diplomatibus
464 843 621 910 libellisque
645 850 673 895 et
696 846 747 912 epil

88 920 206 988 grandis
214 920 296 970 initio
308 917 504 986 Sphingemus
515 923 568 982 est,
580 932 645 969 mox
654 918 747 986 imagi

86 993 250 1056 Alexandri3
260 993 410 1046 novissime
420 991 661 1056 maDioscoridis
671 1008 747 1044 mam

88 1082 143 1136 qua
156 1068 266 1135 signare
279 1067 398 1119 insecuti
412 1081 523 1132 quoque
536 1065 676 1133 principes
693 1082 747 1134 pen

86 1148 159 1193 mut.
196 1142 239 1193 Ad
249 1141 381 1208 epistolar
392 1154 486 1191 onrnes
496 1137 626 1190 horarum
641 1155 747 1210 quoquc

85 1222 129 1279 ta,
140 1230 191 1267 nec
199 1215 256 1267 diei
265 1214 349 1266 modo
360 1214 408 1266 sed
418 1220 446 1266 et
455 1214 559 1278 noctis,
574 1214 675 1280 quibus
686 1215 747 1267 cleta

86 1295 221 1353 curentur,
234 1289 361 1341 addebat.

98 1358 101 1365 '
141 1360 188 1413 Ll.
209 1363 376 1414 Clementiae
390 1361 587 1429 virilitatisque
601 1362 662 1413 eius
676 1364 748 1415 mult

86 1451 141 1505 gua
150 1436 316 1489 documenta
326 1442 398 1488 sont.
426 1435 465 1487 Et
472 1450 507 1488 ne
517 1451 682 1500 enumerem,
694 1453 747 1506 quo

85 1512 256 1563 diversarum
270 1513 390 1579 partium
404 1511 486 1562 venia
503 1516 531 1562 et
550 1510 745 1565 incolumitate

84 1586 237 1655 principem
253 1587 336 1638 etlam
349 1586 379 1636 iu
395 1585 507 1636 civitate
520 1584 612 1636 locum
621 1590 745 1654 teuerep

84 1659 193 1712 lunium
203 1658 342 1712 Neretum
352 1664 381 1710 et
391 1659 516 1709 Cassium
526 1657 705 1724 Petariuum,
718 1677 733 1713 e
743 1677 747 1728 r

85 1735 184 1798 mines,
205 1734 320 1785 alterum
331 1731 460 1799 pecunia,
477 1733 592 1784 alterum
607 1733 663 1784 leri
673 1735 747 1786 exsil

85 1809 155 1859 satis
174 1805 284 1868 habuit3
314 1821 397 1874 quum
416 1806 466 1857 ille
484 1807 623 1874 Agrippae
642 1808 747 1860 iuvenis

85 1881 264 1948 asperrimam
275 1880 308 1931 (le
318 1896 348 1931 se
357 1880 503 1947 epistolam
517 1881 546 1932 in
560 1881 660 1948 vulgus
675 1882 747 1935 edidi

86 1954 212 2006 convivio
223 1954 304 2021 pleno
315 1954 526 2021 proclamasset,
546 1971 631 2021 oeque
638 1964 747 2009 rotome

84 2028 201 2080 animm
212 2029 296 2080 deesse
306 2027 475 2099 confodiendi
483 2044 549 2080 erm.
571 2029 699 2089 Quadam
709 2046 747 2082 ve]

83 2104 169 2167 tione,
180 2118 264 2173 quum
274 2103 391 2155 Aemilio
401 2103 698 2156 Aeliauocordubeusi
706 2105 747 2156 int

85 2176 382 2229 criminarelmaxime
392 2177 571 2241 obiiceretur,
592 2178 667 2244 q'uod
681 2179 747 2231 mall

84 2252 119 2304 (le
129 2253 248 2304 Caesare
257 2252 371 2315 soleret,
387 2266 534 2302 conversus
545 2251 581 2302 ad
591 2259 747 2306 accusatam

83 2333 215 2395 motoque
225 2326 337 2391 similis,
353 2324 448 2387 Velim,
459 2326 562 2392 iuquit,
574 2325 624 2378 loe
632 2325 747 2394 milior*

84 2401 153 2453 ciant
163 2401 233 2454 sciat
241 2400 374 2462 Aelianas,
387 2409 462 2451 stnte
472 2400 592 2468 linguam
601 2399 712 2452 habere:
718 2404 747 2469 pl

84 2475 115 2527 cle
125 2492 154 2527 eo
165 2478 265 2543 loquor.
276 2475 335 2527 Nec
344 2476 491 2542 quicquam
500 2475 575 2526 ultra
584 2480 630 2526 sut
639 2476 747 2527 statima

84 2565 117 2601 ea
130 2551 283 2617 inquisivit.
322 2550 435 2602 'liberio
455 2564 577 2617 quoque,
597 2549 632 2600 (lc
651 2549 748 2601 eadem

83 2624 244 2690 violentius,
266 2624 339 2692 apud
353 2640 383 2675 sc
396 2639 446 2692 per
459 2623 607 2690 epistolam
624 2638 747 2691 conquer

77 2699 235 2766 nemesio
254 2697 350 2752 Aetati
358 2706 433 2762 tasse,
452 2696 491 2749 ιη’
502 2695 605 2762 libert,
625 2696 682 2750 nali
692 2698 724 2751 in
736 2698 747 2751 l
