1822 3068
113 205 128 252 4
386 205 413 249 G.
436 202 622 251 SUETONll

114 342 198 396 reges.
237 325 269 376 ln
280 326 424 378 Corneliae
435 331 525 377 autem
539 324 631 376 locum
641 323 801 392 Pompeiam
817 327 903 392 druit,

116 402 149 464 Q.
160 400 286 468 Pompeii
301 400 401 464 filiam,
417 399 451 451 L.
463 398 556 452 Sullae
570 405 691 465 neptem3
711 415 773 450 cum
788 416 844 468 qua
859 403 903 453 de-

114 476 178 527 inde
189 475 338 526 divortium
348 474 426 538 fecit,
438 473 620 525 adulteratam
631 475 760 540 opinatus
771 490 788 525 u
797 474 828 525 P.
842 476 903 531 Clo-

116 551 177 612 dio,
198 565 278 617 quem
287 549 359 600 inter
368 548 493 614 publicas
509 548 690 599 caerimonias
699 557 857 615 penetrasse
868 551 903 601 ad

117 640 177 676 eam
187 623 316 675 muliebri
328 628 403 674 reste
412 628 470 673 tam
482 628 611 674 constans
620 621 696 673 fama
706 629 773 687 erat,
784 634 816 674 ut
826 640 903 676 sena-

115 706 160 750 tus
171 698 358 766 quaestionem
369 697 402 748 de
412 696 526 764 pollutis
536 697 623 748 sacris
634 697 792 749 decreverit.

171 771 232 824 Vll.
253 770 402 832 Quaestori
419 770 536 822 ulterior
550 772 688 837 Hispania
707 772 831 836 obvenit;
855 774 903 824 ubi

118 861 201 914 quum
210 845 343 896 mandatu
351 846 488 911 praetoris
497 847 557 896 iure
566 846 686 897 dicundo
699 853 847 898 conventus
853 849 903 898 cir-

118 920 240 983 cumiret,
252 917 398 986 Gadesque
407 921 539 983 venisset,
551 920 741 972 animadversa
752 921 825 986 apud
835 922 903 973 ller-

118 994 187 1046 eulis
201 995 333 1060 templum
342 993 440 1061 Magni
448 993 597 1046 Alexandri
610 994 743 1061 imagine,
763 995 903 1063 ingemuit,

118 1075 145 1120 et
160 1068 241 1136 quasi
254 1074 395 1135 pertaesus
409 1069 546 1136 ignaviam
557 1083 648 1131 snam,
660 1068 734 1136 quod
744 1067 879 1120 nihildum
890 1085 903 1120 a

118 1159 148 1194 se
156 1142 335 1194 memorabile
351 1148 441 1193 actum
457 1149 529 1194 esset
542 1143 571 1192 in
587 1147 690 1207 aetate,
711 1157 766 1210 qna
780 1143 836 1195 iam
846 1145 903 1195 Ale·

118 1216 223 1269 xander
234 1217 327 1268 orbem
337 1222 473 1268 terrarum
487 1217 652 1282 subegisset,
668 1217 827 1270 missionem
843 1233 903 1270 con·

117 1292 196 1342 tinuo
212 1289 374 1358 efflagitavit
389 1291 424 1341 ad
440 1291 589 1358 captandas
601 1292 810 1358 quamprimum
820 1294 903 1345 maio-

118 1381 179 1416 rum
198 1380 288 1416 rerum
310 1366 470 1417 occasiones
488 1366 518 1416 in
532 1365 614 1416 Urbe.
651 1365 743 1416 Etiam
764 1367 903 1418 confusum

119 1456 182 1491 eum
200 1440 309 1491 somnio
329 1441 472 1507 proximae
492 1440 582 1491 noctis
603 1442 678 1503 (nam
692 1441 768 1492 visus
784 1449 844 1493 erat
857 1457 903 1509 per

120 1515 238 1582 quietem
248 1516 332 1565 matri
341 1520 465 1581 stuprum
474 1514 613 1578 intulisse)
625 1515 794 1568 coniectores
805 1515 841 1567 ad
852 1531 903 1567 am·

118 1589 271 1656 piissimam
282 1605 358 1656 spem
368 1589 563 1652 incitaverunt,
579 1588 722 1639 arbitrium
737 1590 813 1640 orbis
821 1598 903 1641 terra·

119 1679 180 1714 rum
190 1664 321 1730 portendi
333 1664 556 1730 interpretantes,
577 1662 687 1729 quando
703 1670 804 1727 mater,
826 1680 903 1732 quarn

120 1739 272 1790 subiectam
282 1738 337 1789 sibi
345 1738 473 1799 vidisset,
488 1752 544 1788 non
559 1735 616 1786 alia
627 1744 712 1800 esset,
728 1753 810 1804 quam
824 1746 903 1803 terra,

121 1827 192 1880 quae
201 1813 323 1864 omnium
332 1826 432 1877 parens
441 1808 595 1861 haberetur.

175 1884 250 1937 Vlll.
270 1883 412 1936 Decedens
427 1899 493 1952 ergo
509 1890 572 1935 ante
582 1890 702 1952 tempus,
720 1886 844 1938 colonias
854 1886 903 1937 La·

120 1962 195 2012 tinas
210 1959 244 2012 de
258 1959 376 2027 petenda
391 1958 503 2011 civitate
519 1960 655 2026 agitantes
670 1961 752 2022 adiit3
773 1966 800 2012 et
815 1961 851 2010 ad
862 1976 903 2011 arr-

121 2034 239 2086 dendnm
255 2033 361 2101 aliquid
376 2034 554 2098 concitasset,
574 2035 630 2085 nisi
644 2035 770 2086 eonsules
790 2037 903 2086 conseri

122 2118 183 2177 ptas
192 2109 222 2159 in
233 2109 360 2160 Ciliciam
369 2108 492 2176 legiones
506 2109 659 2176 paullisper
673 2110 708 2161 ob
723 2109 752 2160 id
767 2109 858 2175 ipsum
869 2125 903 2160 re·

121 2184 280 2236 tinuissent:
300 2199 351 2235 nec
365 2199 398 2236 eo
414 2184 504 2236 secius
514 2185 621 2235 maiora
631 2197 696 2235 mox
709 2184 738 2233 in
749 2184 821 2234 Urbe
831 2184 903 2235 moli

121 2266 167 2310 tus
177 2262 228 2310 est.

177 2332 225 2384 lx.
246 2332 387 2400 Siquidem
403 2339 465 2384 ante
478 2348 583 2399 pancos
599 2332 671 2395 dies,
688 2346 769 2398 quam
785 2331 901 2383 aedilita

122 2417 177 2459 tem
185 2407 283 2471 iniret,
292 2408 405 2460 venitin
415 2409 600 2474 suspicionem
617 2406 789 2472 conspirasse
800 2421 862 2457 cum
871 2407 903 2458 Μ

125 2482 226 2534 Crasso
237 2482 387 2546 consulari,
397 2483 464 2534 item
474 2481 505 2532 P.
517 2481 594 2534 Sulla
605 2486 632 2532 et
641 2479 674 2530 L.
685 2479 836 2544 Autronio,
847 2497 903 2548 pos·

122 2556 340 2624 designationem
357 2558 516 2609 consulatus
531 2556 650 2606 ambitus
665 2554 866 2618 condemnatis,
881 2572 903 2606 ιι

121 2631 259 2699 principio
275 2633 341 2683 anni
359 2638 483 2684 senatum
503 2630 691 2694 adorirentur,
712 2636 740 2682 et
758 2629 903 2681 trucidmis

121 2720 193 2769 quos
203 2705 340 2772 placitum
355 2712 441 2774 esset,
456 2705 622 2758 dietamam
632 2706 749 2757 crassus
762 2703 903 2757 invaderet
