1874 3060
108 187 368 236 oculvmraua
403 189 482 234 CAP.
501 190 620 235 17-21.
730 186 764 239 59

45 310 139 375 lunii,
149 309 286 363 laicarum
295 309 453 363 tabularum
463 311 517 375 rei,
532 326 566 363 uc
575 327 663 379 nequa
674 317 765 365 aetate

45 400 185 455 »corpore
193 385 309 452 intcg1i3
328 385 394 437 itam
405 385 495 437 Asinii
503 384 630 453 Epicadi,
641 401 674 439 cx
684 394 765 454 gcntc

45 460 108 524 ina,
119 458 271 527 hybridam
291 459 328 510 au
338 465 489 512 extremum
499 456 628 528 Telephi,
639 461 764 513 mulicria

47 533 280 587 nomenclatoris.
318 533 391 587 Nam
403 550 438 586 ne
451 535 567 588 ultimae
581 533 692 603 qudem
705 550 764 587 aur·

47 609 156 660 minum
171 609 379 676 conspiratione
392 614 421 661 ct
433 608 557 676 periculo
574 608 672 659 carnit.
710 610 764 659 Au-

45 688 156 751 aatqnc
165 682 306 750 Epicadus
316 683 415 735 luliam
426 683 512 735 filiam
523 688 551 734 et
560 682 709 752 Agrippam
718 697 765 735 ne-

45 771 106 809 ccx
119 757 233 820 insulis,
254 758 355 825 quibua
373 758 597 820 continebantur,
617 771 714 825 rapcrc
728 756 764 808 ad

45 831 115 893 itum
131 829 284 898 Telephus,
296 832 378 899 quasi
388 831 482 883 debita
495 831 551 882 sibi
565 830 624 883 sato
640 830 764 883 domina-

45 943 51 968 ,
77 910 108 957 ct
131 906 224 972 ipsum
242 910 271 957 et
290 912 414 957 acuatum
434 905 549 972 aggredi
569 905 764 959 destinaverat.

46 980 134 1032 etiam
150 979 290 1047 quondam
304 979 384 1031 iuxta
398 979 556 1031 cubiculum
566 980 626 1031 eiua
636 979 694 1033 lixa
704 981 764 1049 qui·

46 1069 71 1105 u
80 1052 199 1120 lllyrico
210 1054 345 1118 exercitu,
356 1055 523 1106 ianitoribus
534 1053 668 1121 deceptis,
679 1061 765 1107 noctu

46 1126 152 1181 bannus
163 1133 217 1191 cat,
238 1127 328 1179 cultro
342 1128 488 1180 venatorio
498 1127 619 1191 cinctum
638 1129 765 1196 imposne

46 1219 74 1267 a,
97 1201 432 1268 auainmlatadcmentia,
443 1203 592 1265 incertum3
611 1199 764 1255 nibilcuim

46 1275 366 1345 niquaectioncpotuit.

46 1351 81 1403 X.
102 1351 226 1403 Extcnra
244 1350 320 1402 bella
339 1350 393 1402 duc
415 1350 527 1403 omnino
548 1367 597 1419 pcr
617 1367 646 1403 ae
665 1352 761 1419 gamit,

46 1425 152 1478 atinum
172 1424 333 1477 adolescens
348 1423 450 1489 adhuc,
472 1429 499 1476 ct
512 1425 631 1477 Antonio
653 1426 761 1478 devicto

46 1500 171 1554 ‚brioum
192 1499 350 1551 Dalmatico
361 1500 445 1552 ctiam
454 1498 569 1551 vulnera
580 1501 696 1568 cxccpit,
706 1515 763 1552 rma

56 1574 187 1626 doxtrum
206 1589 279 1642 genu
297 1574 390 1643 lapide
410 1575 496 1635 ictum
517 1571 606 1624 altera
620 1579 648 1625 ct
661 1589 724 1625 crus
735 1579 764 1626 ct

46 1664 109 1719 iqua
119 1646 264 1701 brachium
274 1649 356 1701 urina
364 1649 457 1716 pontia
469 1647 673 1698 consauciatru.
711 1647 763 1699 Rc·

56 1738 108 1792 per
128 1723 237 1789 legatos
257 1723 475 1785 administravit3
498 1727 530 1772 ut
542 1727 635 1772 tanum
651 1719 763 1788 quibua·

46 1796 213 1848 Pannonicia
234 1803 316 1865 atquc
332 1796 504 1849 Germanicis
525 1801 574 1846 ant
586 1794 764 1846 interveniret

47 1887 87 1924 cn
101 1872 185 1940 louge
203 1873 324 1934 abcaact,
344 1871 503 1923 Ravennam
516 1870 561 1922 vel
573 1868 764 1923 Mediolanum

46 1945 173 2015 puilciam
184 1961 272 2014 usquc
282 1946 317 1996 ab
327 1945 400 1997 Urbe
410 1945 598 2013 progrediens.

46 2019 95 2071 x1.
116 2019 233 2072 Domuit
243 2027 343 2083 autem,
353 2019 455 2087 partim
466 2019 550 2070 ductu
559 2019 661 2087 partim
671 2019 764 2086 coapi-

46 2095 93 2159 ria,
106 2095 295 2158 Cantabriam,
305 2093 492 2161 Aquitaniam,
502 2093 684 2157 Pannoniam,
696 2093 764 2145 Dal·

46 2183 91 2232 m,
107 2185 169 2219 cum
179 2169 295 2235 lllyrico
310 2169 399 2220 omui:
418 2169 486 2220 item
500 2165 645 2219 Rhoetiam
659 2173 687 2219 ct
696 2166 763 2220 Vin·

46 2258 68 2294 u
83 2257 118 2294 ac
131 2242 274 2306 Smaacoa,
293 2249 388 2309 gantas
402 2242 553 2311 Inalpinas.
592 2242 723 2295 Cotronit
736 2247 764 2293 ct

46 2332 105 2368 rum
124 2317 311 2380 incursiones,
334 2317 424 2370 tribua
449 2333 544 2369 corum
565 2317 681 2368 ducibua
701 2329 763 2367 cum

47 2406 64 2441 a
78 2392 162 2459 copia
176 2392 278 2455 meam,
300 2389 507 2460 Germanosque
520 2391 595 2443 ultra
608 2388 699 2441 Albim
713 2386 763 2438 tlu-

47 2466 210 2519 anmmovit=
231 2481 265 2518 cx
281 2465 381 2534 quibua
391 2467 479 2518 Ubios
493 2473 521 2518 ct
531 2463 703 2532 Sygambros
718 2460 762 2513 dc·

47 2556 58 2592 a
77 2556 109 2592 ac
127 2540 255 2593 traduxit
272 2540 302 2591 iu
322 2538 456 2606 Galliam,
478 2545 561 2608 atquc
579 2540 610 2590 in
629 2535 763 2606 proximis

47 2629 57 2667 a
79 2616 156 2682 agria
177 2615 335 2668 collocavit.
373 2615 451 2667 Alias
468 2616 536 2667 item
550 2613 678 2664 nationes
691 2610 764 2663 malo

47 2704 71 2743 aa
85 2689 125 2742 ad
138 2690 303 2760 obccqtuum
316 2690 436 2759 radcfflt:
465 2705 516 2741 nec
534 2685 588 2738 ulli
606 2683 684 2754 genti
702 2685 763 2739 aina
