1874 3060
163 201 209 248 DE
227 201 439 250 mensuremus
456 201 693 251 GRAMATICIS·
775 199 825 254 345

45 327 99 378 ime
113 324 321 392 grammaticam
335 323 439 376 docuit.
476 323 600 375 Dimissa
615 330 706 377 autem
720 321 824 390 schole,

44 399 164 451 {utilium
174 397 275 449 Rufum
285 398 584 450 damnetumindsiam
593 404 712 462 secutus,
722 399 825 452 ibidem

44 474 166 541 {myrnae
193 472 328 540 simulque
355 473 515 534 consenuit3
545 472 754 540 composuitque
777 488 824 525 ve-

44 549 91 599 iae
113 546 277 599 eruditionis
300 545 407 613 aliquot
426 546 584 609 volumiua3
614 547 762 614 exquibus
775 562 823 598 uo·

44 637 91 673 ’em
104 622 186 673 unius
197 620 330 688 corporis.
371 619 437 683 Qui,
449 621 515 687 quie
524 621 674 688 scriptores
684 626 824 688 ecpoetes

44 695 82 747 ub
94 694 221 746 clientela
234 693 376 745 Musarum
390 694 527 747 iudicaret
530 732 539 758 ,
549 710 606 747 uon
616 694 734 747 absurde
744 699 772 746 et
784 693 823 746 fe-

44 769 102 821 isse
112 774 140 820 et
149 768 292 834 scripsisse
302 783 331 818 se
341 768 382 818 eit
391 782 425 819 ex
434 784 548 821 numero
559 769 684 821 divarum
694 774 721 820 et
731 768 823 836 appel-

44 843 144 909 ntioue.
182 842 275 893 Huius
289 854 440 909 cognomen
454 843 484 893 iu
498 843 636 912 plerisque
648 842 786 895 indicibus
796 849 824 895 et

44 916 271 984 [sumperunam
281 916 401 967 litteram
411 916 542 982 scriptum
552 917 759 981 animadvert03
777 932 822 969 ve-

44 1006 90 1043 um
102 991 163 1058 ipse
178 1006 227 1059 per
241 989 310 1042 duras
327 988 406 1043 effert
418 990 448 1040 in
462 989 648 1057 parastiehide
662 991 763 1058 libelli,
774 991 823 1061 qui

44 1065 189 1117 neoribitur
200 1063 297 1116 Pinax.
385 1061 388 1066 ’

83 1137 144 1191 vn.
164 1137 204 1189 Μ.
219 1139 368 1189 duronius
384 1136 513 1202 Gumuo,
527 1138 662 1205 ingenuus
680 1138 711 1189 in
727 1135 822 1189 Gellia

45 1218 124 1277 etus,
138 1212 187 1264 sed
202 1212 361 1279 expositus3
382 1227 400 1263 a
413 1213 548 1265 nutritore
563 1228 613 1264 suo
628 1212 821 1277 manumissus,

44 1287 226 1354 mtitumsque
235 1286 418 1338 Alexandriae
428 1287 593 1353 quidem,ut
602 1286 691 1354 aliqui
698 1286 821 1351 uadunt,

44 1376 57 1413 o
81 1361 262 1413 contubernio
286 1359 418 1427 Dionysii
442 1359 704 1426 Scytobrechionis,
734 1360 823 1429 (quod

44 1434 155 1503 quidem
165 1450 221 1487 non
230 1440 331 1487 temere
341 1432 512 1497 crediderim,
523 1449 606 1500 quum
615 1439 770 1501 temporum
779 1449 822 1485 re·

44 1510 68 1563 lo
78 1510 127 1561 vix
137 1511 302 1576 eongmut,)
321 1507 407 1559 fuisse
418 1507 519 1559 dicitur
531 1507 637 1574 ingenii
649 1508 757 1575 magni,
767 1523 823 1560 me·

44 1584 135 1636 toriae
149 1583 311 1650 singularis,
326 1597 377 1633 nec
390 1581 480 1632 minus
495 1579 613 1645 Graece,
630 1596 712 1648 quam
721 1580 822 1633 Latine

44 1663 145 1719 octus3
165 1662 307 1725 praetereo
327 1655 400 1708 comi
417 1654 549 1722 facilique
567 1660 675 1719 natura,
694 1669 746 1706 nee
763 1670 822 1707 um-

44 1746 110 1783 uem
121 1732 156 1782 de
166 1730 336 1782 mercedibus
345 1735 455 1796 pectus,
466 1744 555 1798 eoque
565 1729 646 1795 plura
655 1743 689 1781 ex
698 1728 821 1781 liberuli-

44 1805 438 1858 stedisoentiumconsecutus.
476 1803 581 1856 Docuit
589 1802 822 1871 primuminDivi

44 1879 93 1931 niii
103 1879 196 1944 domo,
207 1880 287 1948 pueri
297 1877 399 1941 adhuc;
410 1878 508 1930 deiude
517 1878 548 1929 in
557 1893 608 1929 sua
617 1878 735 1945 privetu.
762 1877 820 1930 Du-

44 1953 86 2005 uit
100 1960 191 2005 eutem
206 1959 234 2005 et
246 1951 425 2016 rhetoricum,
439 1953 481 2004 its
494 1952 663 2018 utquotidie
672 1957 821 2020 praecepte

44 2028 203 2095 toquentiee
215 2027 350 2091 traderet,
366 2027 607 2079 declamaretvero
617 2042 674 2079 non
688 2026 744 2077 nisi
753 2041 821 2079 nuu-

44 2102 111 2153 inis.
145 2099 280 2153 scholam
299 2102 358 2153 eius
379 2101 469 2153 eleros
483 2116 593 2168 quoque
605 2102 681 2154 viros
695 2100 821 2168 frequen·

44 2191 102 2228 esse
113 2176 192 2226 siunt
202 2191 210 2237 3
229 2176 259 2225 in
269 2173 312 2227 his
321 2173 361 2225 M.
373 2175 545 2239 Ciceronem,
556 2175 638 2228 etism
649 2191 733 2242 quum
742 2190 821 2243 prue-

44 2265 91 2301 nra
109 2248 278 2316 fungeretur.
321 2247 439 2315 Scripsit
456 2249 555 2314 multe,
576 2250 700 2316 quemvis
720 2263 820 2301 annum

44 2323 129 2376 etatis
139 2323 394 2390 quinquagesimum
404 2337 459 2374 non
469 2324 617 2375 excesserit
626 2338 633 2374 t
653 2323 706 2374 etsi
713 2322 820 2373 Atteins

44 2396 191 2464 'hilologus
205 2397 260 2448 duo
275 2402 382 2448 tentem
395 2396 536 2449 volumine
550 2399 581 2448 de
590 2395 689 2447 Latino
704 2411 821 2447 enmono

44 2471 171 2539 eliquisse
182 2487 243 2523 eum
252 2471 356 2522 eredit:
375 2485 438 2522 nem
453 2477 545 2522 cetere
558 2470 664 2541 scripte
671 2469 819 2537 discipulo-

44 2562 85 2597 um
95 2546 156 2598 eius
167 2562 240 2610 esse,
251 2561 308 2597 uon
315 2545 403 2613 ipsius
413 2560 421 2608 ;
440 2544 471 2595 iu
481 2545 580 2613 quibus
591 2550 618 2596 et
627 2558 706 2596 suum
716 2544 820 2596 alicubi

44 2620 142 2689 speriti
149 2635 259 2671 nomeu.

79 2692 156 2745 vul.
175 2693 216 2746 M.
236 2693 395 2746 Pouemrus
414 2693 616 2759 Aunsomcus,
635 2693 749 2747 notione
768 2691 819 2761 Sy·
