1822 3068
114 216 376 266 OCTAVIANUS.
412 219 492 266 GAP.
511 221 627 269 25-2'1.
739 218 772 274 6³

63 341 207 404 meremus,
229 340 303 393 euius
320 340 429 408 abrupti
440 342 564 396 mmmm
576 342 648 397 naua
661 353 773 415 captura

63 417 185 486 *iporeae

63 524 132 578 xvi.
152 522 337 593 Magistratus
354 529 436 592 atque
451 522 571 578 honores
586 532 614 578 et
629 533 692 581 ante
706 534 772 581 tem·

63 606 89 653 et
103 596 241 670 quosdam
257 598 323 650 novi
340 599 449 666 generis
469 605 672 671 perpetuosque
692 603 772 670 cepit.

63 674 158 727 datum
168 672 301 724 vicesimo
314 672 413 726 aetatis
430 688 501 725 auno
516 674 633 740 invasit,
653 675 773 727 admotis

63 748 115 801 lter
125 744 162 799 ad
172 746 274 799 Urbem
290 744 460 814 legionibus,
480 749 638 818 missisque,
660 750 708 820 qui
718 750 774 802 sibi

63 839 85 875 re
100 821 241 875 exercitus
257 819 447 889 deposcerent:
467 838 550 892 quum
561 824 686 892 quidem,
709 841 773 877 orru-

63 902 190 960 rueram,
208 895 352 947 Cornelius
367 897 504 962 centurio,
519 898 646 967 princeps
656 900 772 968 legatio-

63 972 141 1024 decto
152 968 268 1038 sagulo,
289 970 435 1023 ostendens
449 969 538 1038 gladii
552 974 694 1041 capulum,
715 990 772 1026 nou

64 1052 131 1099 isset
139 1045 170 1096 in
182 1044 260 1095 curia
270 1043 374 1096 dicere:
394 1042 448 1096 Hie
451 1044 549 1116 faciet,
560 1045 585 1097 si
592 1064 644 1099 non
647 1048 772 1120 feceritis

66 1119 223 1173 Secundum
236 1119 407 1170 consulatimr
417 1125 484 1189 post
491 1135 589 1173 novem
600 1136 702 1187 anuos,
718 1133 772 1174 ter-

64 1210 131 1247 mno
148 1192 294 1245 interiecto
308 1194 406 1261 gessit3
426 1200 571 1262 sequentes
578 1210 667 1264 usque
678 1197 713 1248 ad
723 1213 772 1248 uu-

64 1266 309 1341 umcoutinuavit:
329 1266 477 1338 multisque
488 1284 565 1335 mox,
586 1286 669 1340 quum
685 1270 771 1323 defer-

64 1342 231 1409 r,recusatis,
238 1338 430 1393 duodecimum
440 1357 549 1410 magno,
561 1344 591 1395 id
601 1351 772 1414 est,septem-

83 1431 220 1469 annonam
240 1415 400 1481 intervallo,
421 1421 449 1468 et
466 1431 561 1469 rursus
574 1420 685 1471 tertium
700 1420 772 1472 deci-

64 1491 173 1545 biennio
188 1495 253 1559 post
266 1489 339 1542 ultro
350 1489 443 1559 potiit,
463 1495 496 1540 ut
506 1490 603 1544 Caium
617 1498 644 1545 et
653 1493 771 1545 Lucium

64 1564 237 1637 amplissimo
257 1564 398 1633 praeditus
418 1564 594 1630 magistratu,
615 1582 665 1618 suo
681 1576 772 1635 qnem-

64 1640 172 1693 rociuio
184 1638 330 1690 deduceret
339 1639 368 1689 iu
383 1637 485 1688 fomur.
524 1638 652 1706 Quinque
665 1640 773 1692 medios

64 1717 151 1779 latus,
173 1728 191 1764 a
205 1716 283 1765 sexto
298 1713 333 1764 ad
347 1710 537 1777 undecimum,
558 1727 664 1765 annuos
674 1714 773 1780 gessit3

64 1807 83 1842 »s
94 1796 266 1851 autumem,
281 1793 402 1851 ausser,
418 1791 610 1856 autquatuor,
626 1794 675 1839 aut
683 1787 774 1839 tribus

64 1866 128 1917 bus:
149 1861 298 1915 secumdum
307 1876 372 1913 vero
387 1861 563 1931 paucissimis
578 1858 663 1915 boris.
702 1860 773 1914 Nam

64 1938 221 1991 alendarum
231 1935 366 2000 Ianuarii,
388 1950 471 2004 quum
486 1952 566 1988 mane
580 1954 630 2006 pro
643 1937 711 1990 acde
723 1937 773 1989 Ca·

65 2015 88 2066 ri
105 2012 182 2064 lovis
201 2009 354 2080 paullulum
379 2009 469 2061 curuli
492 2010 562 2063 sella
579 2012 772 2080 praesedisset,

66 2105 81 2141 e
102 2087 187 2151 abiit,
212 2083 329 2136 suffecto
351 2084 407 2136 alio
428 2084 568 2137 inlocum
588 2103 677 2139 sirum.
715 2085 773 2139 Nec

64 2180 71 2215 ι
91 2164 210 2223 Romae,
236 2158 284 2210 sed
309 2165 437 2228 quartum
456 2160 629 2213 consulatum
649 2163 677 2213 in
697 2162 772 2227 Asia,

65 2252 100 2290 un
111 2228 143 2288 ln
156 2232 249 2288 insula
260 2233 356 2298 Samo,
378 2239 504 2287 octavius
519 2242 546 2288 et
558 2251 660 2289 nouum
672 2237 773 2288 Tarra-

65 2424 148 2481 svn.
160 2425 376 2477 Triumvlratrun
385 2425 554 2493 reipublicae
565 2425 774 2478 constituendae

65 2518 133 2555 ecem
148 2515 237 2552 annos
252 2499 467 2552 administraritr
486 2500 516 2551 in
530 2514 586 2569 quo
600 2498 705 2552 restitit
714 2501 773 2568 qui-

65 2574 227 2647 lliquamdiu
241 2574 368 2642 collegis,
387 2588 491 2644 nequa
505 2575 583 2626 fleret
595 2573 772 2642 proscriptio,

65 2657 177 2721 ceptam
193 2656 313 2718 utroquo
332 2650 459 2700 acerbius
478 2649 609 2701 exercuit.
647 2644 773 2718 Namque

65 2744 72 2781 ι
82 2727 234 2781 multorum
244 2738 327 2792 saepe
335 2736 483 2793 personam
493 2734 543 2793 per
552 2722 672 2793 gratiam
681 2729 771 2794 etpre·
