1822 3068
150 568 622 653 Praefatio

308 821 474 836 *otuu--

56 976 185 1096 Quum,
213 1022 328 1082 detritis
347 1042 402 1082 usu
419 1026 525 1083 tabulis
543 1027 730 1102 stereotypis,
757 1025 788 1080 iu

10 1105 96 1179 quibus
124 1106 284 1165 Suetonius
308 1109 485 1183 perscriptus
512 1118 590 1182 crat,
620 1127 717 1165 norae.
738 1107 787 1162 de-

10 1205 72 1243 num
91 1192 308 1266 pulcrioresque
328 1184 546 1255 ¹substituendae
571 1201 678 1250 essent:
706 1191 787 1245 etin
826 1247 828 1252 ,

10 1287 61 1339 roe,
69 1279 101 1326 ut
113 1273 145 1328 in
158 1274 225 1329 aliis
239 1274 439 1348 scriptoribus,
449 1268 611 1343 consultum
623 1276 718 1331 visum
732 1280 786 1341 est,

10 1367 58 1406 oon
68 1356 295 1411 recentissimam
308 1357 435 1432 aliquam
452 1356 607 1420 editionem
622 1357 718 1432 sequi,
736 1354 787 1411 sed

10 1426 136 1493 bonorum
150 1456 205 1513 ope
218 1439 358 1495 librorum
367 1440 530 1496 accuratius
538 1441 624 1515 paulo
634 1441 665 1495 in
673 1445 787 1495 textum·

10 1516 151 1592 inquirere,
162 1522 353 1598 expensisque
362 1529 494 1579 veterum
507 1523 737 1578 membranarum
744 1521 786 1575 lc·

10 1600 155 1676 otionibus,
171 1621 235 1660 eam
242 1606 397 1662 restituere
406 1605 543 1679 scriptori
552 1603 674 1660 formam
683 1601 787 1657 dictio-

11 1696 130 1760 nemqm,
157 1704 231 1761 quae
254 1705 320 1743 eum
336 1687 393 1743 fide
409 1686 587 1764 dignissimis
604 1685 787 1761 antiquitatis

12 1770 186 1826 monumentis
209 1788 295 1845 quam
317 1771 425 1845 optime
447 1771 621 1826 concineret.
660 1767 708 1826 Ex
730 1787 786 1844 quo

14 1848 76 1904 enim
87 1850 321 1927 Oudendorpius,
332 1861 427 1909 certos
436 1853 564 1929 sliquos,
573 1861 607 1909 ut
613 1852 662 1924 fit,
673 1850 787 1908 codices

14 1941 125 2005 secutus,
142 1936 290 1992 luculenta
307 1953 360 1992 sua
377 1935 522 2008 editione,
539 1943 568 1991 et
585 1936 696 1992 criticis
708 1936 787 1991 notis

16 2025 54 2079 per
64 2035 127 2072 sane
140 2019 224 2074 bonis
239 2027 268 2074 et
282 2019 422 2075 exteriori
432 2019 520 2075 ctiam
527 2028 631 2074 ornatu
643 2017 727 2076 valde
740 2019 786 2073 in-

16 2094 76 2171 rigni
85 2098 255 2159 Suetonium
267 2099 448 2173 exhibuerat,
454 2104 552 2159 omnes
562 2103 677 2158 omnino
685 2119 787 2159 recen-

16 2176 86 2238 tiores
98 2185 180 2242 illum
193 2186 225 2240 in
237 2186 383 2261 plerisque
394 2185 486 2241 secuti
500 2194 581 2256 sunt,
595 2184 786 2242 hoetantum·

17 2262 80 2320 modo
94 2269 261 2344 plerumque
270 2276 401 2348 agentes,
414 2275 507 2325 utres
521 2268 679 2325 inauctore
688 2268 787 2323 obvias
883 2299 885 2303 >

17 2338 170 2408 difficiliores
185 2353 424 2427 obscurioresque
441 2351 699 2426 interpretarentur
712 2349 787 2406 suis-

18 2441 58 2497 11111
70 2436 143 2492 notis
160 2437 350 2492 illustrarent.
379 2433 457 2506 Nos,
471 2433 608 2492 adhibitis
619 2433 787 2489 melioribus

18 2505 93 2587 titus,
113 2528 304 2595 accurateque
322 2518 486 2576 examinato
500 2518 606 2593 ubique
618 2514 788 2571 Oudendor-

18 2589 174 2674 otiosum,
204 2604 341 2659 eclectica
366 2601 494 2671 ratione,
519 2600 682 2673 ubicunque
708 2600 788 2654 illius

19 2682 207 2743 emendationes
226 2685 407 2743 indubitatae
429 2682 559 2744 iudicari
577 2681 726 2758 debuere,
741 2679 807 2757 'xpo
