1822 3068
84 188 118 240 08
360 190 389 235 C.
413 187 604 234 SUETONH

85 327 139 380 que
157 324 239 364 sexus
258 308 402 379 prohibuit
413 309 500 361 ullum
513 315 677 361 noemmnm
692 325 754 378 spec

83 386 267 454 frequentare,
273 386 328 436 nisi
339 401 401 436 curn
411 384 505 452 aliquo
516 384 622 436 maiore
632 390 700 436 natu
708 400 754 452 pre

84 477 154 512 rum.
194 459 362 527 Compitales
377 457 464 510 Lares
485 473 583 510 ornare
603 459 695 509 bisin
711 475 754 510 anr

82 535 149 599 tuit,
168 534 259 587 vernis
273 524 389 586 floribus
403 538 432 584 et
445 533 566 584 aestivis.
604 531 754 584 Proximuu

82 608 285 661 immortalibus
299 605 432 659 honorem
445 607 594 658 memoriae
609 606 709 657 ducum
728 623 754 675 pr

84 683 290 750 quiimperium
304 681 402 748 populi
415 680 535 732 Romani
549 694 583 732 ex
596 681 711 732 minino
727 697 754 732 m

83 757 276 823 reddidissent.
311 755 408 822 ltaque
418 760 446 807 et
456 770 541 822 opera
551 755 691 822 cuiusque,
702 771 754 806 mar

83 831 186 896 titulis,
201 829 336 887 restituit:
356 835 384 880 et
398 834 504 881 statuas
515 830 636 880 omnium
649 830 752 898 triump

84 906 129 972 gie
143 905 172 955 in
186 910 303 971 utraque
312 902 369 954 fori
383 903 428 954 sui
440 903 551 971 porticu
565 903 717 968 dedicarit,
737 920 754 971 p

85 979 190 1043 edicto,
201 986 374 1031 commeatum
382 976 412 1028 id
419 993 459 1041 se,
470 985 503 1029 at
510 977 613 1029 illorum
622 979 693 1029 velut
702 979 754 1030 adt

86 1052 184 1120 etipse,
196 1052 257 1104 dum
266 1051 374 1114 viveret,
386 1060 414 1103 et
421 1050 611 1118 insequentium
620 1060 739 1125 aetatum
744 1070 754 1121 ι

86 1126 256 1196 exigerentur
280 1143 298 1177 a
317 1125 423 1179 οιίιίῠιιι.
465 1124 592 1193 Pompeii
615 1142 725 1194 quoque
748 1143 754 1178 ι

86 1206 183 1253 cauma
196 1199 300 1255 theatri
313 1201 373 1252 eius
386 1200 505 1268 regiam,
524 1216 679 1253 marmoreo
694 1201 754 1254 lant

86 1276 155 1339 suit,
169 1275 333 1327 translatam
343 1290 359 1327 e
370 1276 460 1339 curia,
470 1275 500 1326 in
511 1290 566 1343 qua
576 1275 607 1327 c.
619 1275 754 1328 Caesaris

87 1350 170 1401 cisua

125 1417 128 1422 ’
142 1422 258 1475 ΧΧΧΗ.
272 1421 407 1490 Pleraque
416 1424 530 1490 pessimi
539 1423 657 1490 exempli
667 1439 754 1477 corre}

85 1500 115 1550 in
125 1497 274 1565 perniciem
283 1498 436 1565 publicam,
447 1503 496 1548 aut
505 1511 539 1548 ex
549 1499 746 1552 consuetudine

87 1587 140 1640 que
159 1572 295 1625 bellorum
316 1572 437 1623 civilium
452 1571 628 1642 duraverant,
648 1579 697 1624 aut
715 1589 754 1641 pe]

86 1647 169 1699 etiam
180 1647 351 1699 exstiterant.
389 1645 460 1698 Nam
470 1652 498 1698 et
511 1651 700 1713 grassatorum
708 1648 754 1715 plu

84 1720 141 1773 lam
161 1737 191 1773 se
209 1720 336 1773 ferebant
354 1720 488 1771 succincti
505 1720 592 1785 ferro,
617 1722 698 1788 quasi
722 1728 753 1773 tu

86 1810 184 1847 camai
208 1799 238 1846 et
255 1793 330 1860 rapti
343 1809 393 1860 per
406 1808 489 1860 agros
502 1794 623 1846 viatores
638 1795 697 1848 sine
713 1797 754 1847 dis

85 1869 168 1920 liberi
176 1868 311 1934 servique,
317 1867 463 1935 ergastulis
473 1884 662 1935 possessorrmr
673 1885 754 1937 suppr

84 1949 142 1995 turs
162 1947 190 1993 et
202 1941 338 2009 plurimae
352 1940 501 2005 factiones,
520 1943 602 1995 titulo
618 1943 754 2011 collegiis

84 2016 188 2069 nullius
207 2031 264 2067 non
286 2014 420 2068 facinoris
443 2017 602 2069 societatem
627 2019 749 2071 coibant.

84 2096 271 2158 grassatores,
293 2090 436 2158 dispositis
451 2106 500 2158 per
510 2097 668 2158 opportuna
677 2092 754 2144 locat

85 2167 146 2230 bus,
157 2163 289 2228 inhibuit;
310 2165 451 2233 ergastula
459 2167 634 2231 recognovit3
656 2167 754 2234 collegi

84 2248 127 2292 ter
142 2241 256 2307 antiqua
270 2244 298 2292 et
311 2239 448 2306 legitima,
469 2239 609 2303 dissolvit3
632 2241 743 2293 tabulas

85 2315 189 2367 aerarii
198 2313 365 2379 debitorum,
379 2313 423 2365 vel
437 2315 614 2382 praecipuam
624 2316 754 2368 calumnie

83 2389 195 2453 teriam,
216 2388 334 2451 exussit3
353 2388 537 2440 locainlirbe
551 2390 663 2455 publica
675 2390 745 2442 iuris

82 2463 290 2532 possessoribru
315 2462 493 2515 adiudicavit.
532 2462 734 2521 Diuturnorum

84 2544 155 2590 etex
165 2552 283 2605 quorum
293 2537 421 2588 sordibus
430 2535 501 2588 nihil
511 2537 587 2589 aliud
598 2554 679 2606 quam
689 2539 754 2591 volu

83 2612 163 2662 oriols
174 2617 362 2680 quaereretur,
372 2612 486 2664 nomina
496 2612 629 2677 abolevit,
646 2613 754 2666 conditi

78 2685 191 2752 posita,
205 2691 249 2751 ut,
268 2686 384 2754 siquem
394 2686 456 2755 quis
464 2692 587 2754 repetere
596 2687 693 2753 vellet,
714 2704 754 2756 per
