1874 3060
81 200 360 252 VESPASIANUS.
396 204 474 251 CAP.
495 205 612 252 15-20.
693 203 744 256 311

44 323 94 376 lll.
113 325 144 376 lu
165 341 243 377 ornne
264 324 405 378 hominum
424 340 509 394 genus
523 326 743 394 liberalissimos,

46 399 69 449 it
81 415 190 451 censum
201 407 372 464 senatorum
389 401 549 452 connriares
558 402 656 469 inopes
666 404 743 470 quin·
758 392 775 474 J>

44 462 174 524 resteffiis'
186 476 284 526 annuis
299 476 475 538 sustentavit3
494 475 627 543 plurimas
641 484 743 543 perto-

44 549 116 598 rbom
131 549 256 600 civitates
269 555 360 602 terrae
373 557 452 603 motu
468 556 516 602 aut
528 550 658 602 moondio
673 549 743 604 affli-

44 623 178 673 ntituitin
187 622 295 674 melius.
734 663 737 668 -

44 695 103 747 llll.
123 696 237 765 ingenia
250 704 278 749 et
291 704 365 750 artes
383 698 427 751 vel
445 699 565 752 maxime
578 698 662 751 lorits
686 701 742 780 pri-

66 771 133 822 fisco
152 769 263 823 Latinis
283 772 452 840 Graecisque
474 772 632 826 rhetoribus
650 760 765 859 annuali

46 861 62 894 a
83 826 239 896 constituit:
263 853 433 914 praestantes
450 851 561 915 pottas,
580 863 700 901 necnon
714 856 743 900 et

44 935 80 983 rs,
93 920 166 971 Coae
176 919 304 985 Veneris,
319 922 384 972 item
396 921 506 985 Colossi
516 921 690 989 refectorem,
700 924 741 974 in-

44 992 174 1060 ongiario
186 1010 339 1062 magnaque
353 995 478 1048 mercede
488 995 614 1048 donavit:
634 995 742 1050 mecha÷

44 1083 146 1134 uoque,
157 1069 274 1136 grandes
286 1069 428 1121 columnas
438 1069 539 1138 exigua
548 1070 672 1139 impensa
681 1087 742 1140 per·

44 1158 94 1193 um
112 1143 150 1194 in-
158 1143 325 1211 Capitolium
344 1143 499 1212 pollicenti,
518 1141 671 1212 praemium
689 1160 741 1213 pro

44 1224 102 1268 ento
123 1233 178 1268 non
198 1218 336 1271 mediocre
355 1217 469 1284 ebullit,
494 1233 607 1288 operam
626 1219 741 1283 remisit,

44 1297 98 1355 tus,
105 1291 201 1344 sineret
212 1309 238 1344 ae
244 1292 405 1360 plebeculam
411 1310 521 1360 poscere
532 1291 642 1363 [pand.

44 1365 76 1416 X.
97 1364 196 1431 Ludis,
218 1382 266 1433 per
281 1383 350 1437 quos
365 1383 446 1420 scena
455 1366 631 1419 Marcelliani
640 1365 742 1420 theatri

44 1446 74 1490 ta
84 1439 276 1507 dedicabatur,
297 1447 389 1494 vetera
404 1456 513 1511 quoque
529 1448 689 1493 acroamata
698 1458 740 1493 re·

44 1520 102 1564 erat.
140 1515 296 1582 Apollinari
306 1515 440 1583 tragoedo
452 1515 661 1586 quadringenta,
672 1516 739 1567 Ter·

44 1587 194 1656 lodoroque
205 1588 371 1643 citharoedis
386 1588 504 1653 ducena,
523 1587 664 1640 nonnullis
679 1604 739 1641 cen-

44 1663 142 1730 quibus
153 1664 307 1730 minimum,
329 1663 506 1733 quadragena
520 1662 647 1715 sestertia
658 1678 740 1731 super

44 1753 78 1786 as
95 1753 212 1788 coronas
228 1754 325 1790 arrreas
342 1738 426 1790 dedit.
466 1736 519 1789 Sed
536 1736 738 1788 etconvivaba·
758 1772 760 1776 »

46 1811 123 1874 idue,
145 1814 297 1881 acsaepios
308 1820 383 1865 recta
394 1818 422 1864 et
431 1811 549 1879 dapsile,
569 1810 738 1862 utmacessa·

44 1885 165 1937 [iuvaret.
205 1887 282 1939 Sicut
292 1887 484 1940 Saturnalibus
500 1885 585 1938 dabat
593 1886 662 1938 viris
672 1899 739 1952 apo-

45 1975 69 2023 a,
81 1961 122 2010 ita
133 1977 181 2028 pcr
190 1960 330 2014 Kalendas
339 1963 458 2013 Martias
467 1961 590 2013 lerninis:
610 1966 739 2012 ettamen

59 2035 168 2102 qrridcm
188 2037 322 2103 pristinae
336 2036 495 2106 cupiditatis
508 2035 626 2088 infamia
639 2037 738 2088 carrdt.

44 2109 365 2178 ldriniCylioractenenm
375 2126 476 2163 rocam
486 2118 737 2179 perseveraverunt,

44 2185 108 2235 nine
127 2186 208 2235 nnius
223 2201 237 2236 e
251 2187 362 2252 regibus
376 2186 435 2236 suis
448 2184 669 2252 turpissimarum
678 2200 737 2236 sor·

59 2257 113 2310 Sed
124 2265 151 2309 et
160 2260 188 2309 in
198 2259 293 2311 funere
302 2260 394 2312 Favor
405 2258 581 2311 archimimus
590 2272 736 2325 personans

44 2348 115 2396 rens,
136 2334 315 2401 imitansque,
329 2340 362 2386 nt
375 2338 417 2386 est
430 2348 503 2396 mos,
523 2330 598 2382 famu
613 2346 647 2383 ao
661 2331 738 2384 dicta

44 2409 195 2475 rterrogatis
205 2409 297 2476 palam
308 2407 542 2476 predicatoribus,
549 2406 646 2473 quanti
654 2405 737 2456 ianus

46 2498 83 2551 pa
94 2489 244 2546 constaret,
259 2489 291 2534 nt
301 2482 401 2547 audiit,
421 2481 548 2534 sestertio
560 2480 675 2544 centies,
690 2495 736 2531 cx-

44 2558 80 2621 rit,
94 2555 204 2610 Centum
214 2556 265 2609 slls'
273 2557 394 2611 sestertio
405 2557 510 2618 dorent,
522 2571 554 2606 oc
564 2570 591 2605 se
600 2555 641 2606 oel
648 2553 677 2605 s'n
690 2551 736 2604 Ίῖ-

44 2631 199 2684 traiicerent.

44 2707 59 2761 ἱ.
80 2705 256 2781 Staturalnit
265 2706 413 2776 quadrata,
435 2703 586 2773 compactis
596 2702 736 2768 firmisque
