1822 3068
100 201 116 248 2
382 200 409 244 G.
427 197 616 246 SUETONII

102 323 210 381 toribus
219 322 336 388 pccimia
345 321 491 382 redimere;
512 320 600 372 donec
608 337 657 388 per
665 323 784 389 virgines
795 324 889 376 Vesta·

103 399 143 450 les
153 412 254 464 perque
263 396 430 447 Mamercum
435 395 578 446 Aemilium
590 397 761 450 etdurelium
772 398 888 463 Cottam,

103 472 273 540 propinquos
283 476 311 521 et
320 471 413 520 affines
424 485 498 532 suos,
508 470 615 520 veniam
624 471 789 538 impetravit.
816 473 889 524 Satis

105 551 221 609 constat,
233 543 350 606 Sullam,
366 558 449 610 quum
460 543 669 610 deprecantibus
679 546 853 597 amicissimis
864 556 891 598 et

105 619 286 672 ornatissimis
301 617 367 667 viris
383 617 553 684 aliquamdiu
568 618 740 686 denegasset,
757 627 838 687 atque
847 621 890 671 illi

103 693 279 762 pertinaciter
290 691 494 754 contenderent,
511 699 693 758 expugnatum
706 692 816 745 tandem
827 711 889 761 pre-

104 771 245 829 clamasse,
256 766 313 816 sivc
323 764 453 815 divinitus
463 766 521 817 sive
532 766 625 834 aliqua
635 767 805 819 coniectura:
827 767 888 820 Vin-

104 850 193 895 cerem
201 856 233 892 ae
242 839 293 890 eibi
301 838 438 902 baberent,
456 839 590 890 dummodo
606 840 715 903 scirent,
733 858 803 904 eum,
816 859 890 908 quem

105 916 260 968 incolumem
268 923 403 980 tantopere
414 923 550 980 cuperent,
562 914 715 981 quandoque
725 916 890 982 optimatium

99 988 234 1058 partibus,
256 1003 320 1054 pem
330 1003 415 1039 secem
425 987 502 1038 morel
516 987 703 1058 defendissent,
720 989 801 1041 exitio
809 990 889 1062 futa-

102 1080 175 1116 rem:
194 1079 256 1115 nam
267 1061 376 1114 Caesari
384 1063 477 1113 multos
486 1059 589 1114 Marios
598 1061 688 1114 inesse.

157 1137 192 1189 11.
212 1136 354 1203 Stipendia
363 1137 565 1202 primaiudsia
573 1136 803 1190 fccitM.Thermi
813 1155 889 1206 prac-

102 1214 172 1264 toris
183 1211 376 1272 contubernio;
397 1226 414 1260 a
425 1226 479 1278 quo
491 1210 524 1261 ad
536 1212 725 1263 arcessendam
736 1214 851 1264 classem
860 1215 889 1264 iu

102 1285 262 1354 Bithyniam
276 1285 390 1348 missus,
411 1285 517 1336 desedit
536 1286 608 1352 apud
623 1285 814 1351 Nicomedem,
834 1303 889 1340 non

104 1364 163 1412 sine
172 1375 282 1411 rumore
290 1363 446 1427 prostratae
455 1360 514 1426 regi
523 1358 687 1426 pudicitiac;
709 1376 788 1428 quem
799 1377 889 1413 rumo-

103 1452 160 1487 rem
171 1435 255 1499 auxit,
265 1434 339 1485 intra
347 1448 451 1501 paucos
460 1449 555 1484 trusus
565 1432 623 1486 dies
632 1435 749 1501 repetita
758 1432 890 1503 Bithynia

103 1526 152 1579 per
162 1523 272 1561 causam
282 1508 430 1575 exigendae
440 1509 584 1575 pecimiae,
601 1522 670 1575 qnae
681 1508 824 1561 deberetur
834 1511 889 1561 cui-

105 1587 167 1636 dam
182 1584 311 1636 libertino
328 1583 421 1635 clienti
440 1597 501 1635 suo.
538 1583 656 1650 Reliqua
674 1584 776 1635 militia
794 1599 889 1636 secum·

105 1654 340 1720 diorefamafuit,
356 1663 384 1708 et
394 1671 410 1706 a
420 1654 538 1707 Thermo
554 1656 583 1706 in
593 1659 794 1724 expugnatione
804 1659 889 1726 Myti-

103 1735 228 1787 lenarum
237 1746 340 1784 corona
351 1730 438 1781 civica
448 1729 566 1780 donatus
576 1737 625 1780 est.

158 1806 206 1856 llI.
224 1805 327 1857 Meruit
336 1809 364 1854 et
373 1804 423 1855 sub
430 1803 547 1855 Servilio
554 1803 676 1856 Isaurico
687 1806 830 1870 iaCilicia,
841 1808 889 1858 sed

104 1881 182 1934 brevi
188 1885 319 1947 tempore.
357 1877 430 1931 Nam
440 1875 532 1930 Sullae
542 1886 629 1931 morae
639 1887 792 1947 cornperta,
809 1881 890 1932 simul

105 1971 153 2023 spe
162 1967 250 2007 norae
260 1952 453 2016 dissensionis,
464 1967 534 2020 quae
544 1969 593 2020 per
601 1954 641 2005 Μ.
651 1953 787 2021 Lepidum
798 1970 890 2007 mere·

104 2032 200 2092 habu,
218 2027 334 2097 Romam
354 2042 471 2094 propere
485 2026 577 2079 rediit.
614 2027 651 2079 Et
664 2027 767 2095 Lepidi
780 2030 890 2096 (pridem

104 2105 251 2166 societate,
261 2117 417 2170 quanquam
432 2102 538 2169 magnis
548 2103 752 2154 conditionibus
761 2103 891 2155 invitare·

103 2186 163 2242 tur,
178 2177 325 2240 abstinuit,
339 2182 398 2229 tum
406 2177 517 2243 iugenio
527 2177 587 2228 eius
598 2177 717 2239 diffisus,
737 2184 795 2228 mm
811 2194 891 2230 occs-

105 2255 191 2316 sione,
201 2267 284 2320 quam
293 2252 426 2303 minorem
436 2251 567 2318 opinione
577 2250 739 2303 offenderat.

159 2325 207 2379 lV.
228 2326 366 2389 Ceterum
382 2326 536 2392 composita
545 2325 679 2378 seditione
690 2326 778 2389 cirili,
790 2327 892 2379 Gorne-

104 2405 173 2457 lium
182 2400 365 2464 Dolabellam,
376 2399 548 2453 consularem
556 2405 585 2451 ct
591 2398 783 2466 triumphalem
792 2403 891 2465 virum,

106 2475 492 2546 repetundumsnpostsdarit;
512 2474 703 2541 absolutoque,
712 2473 892 2528 Rhodumse-

106 2553 202 2607 cedere
212 2551 316 2614 eundi,
328 2549 401 2602 etad
413 2549 603 2601 declinandam
612 2549 754 2614 insidiam,
765 2557 832 2602 etnt
843 2565 892 2616 per

105 2625 367 2692 otiumuerequiem
375 2624 524 2691 Apollonio
533 2623 651 2687 Moloni,
662 2623 817 2677 clariulnio
826 2631 893 2677 hinc

102 2700 213 2755 dicendi
221 2700 369 2769 magistro,
380 2713 492 2766 operam
501 2698 587 2751 daret.
625 2697 689 2752 lluc
698 2696 893 2752 dnhibernis
