1874 3060
83 158 132 210 328
356 160 383 206 0.
407 157 599 207 SUETONH

138 281 198 334 vii.
209 281 300 334 Multa
309 281 393 333 etiam
401 282 431 332 in
442 281 580 333 communi
588 284 680 333 rerum
689 295 745 333 usu
752 282 861 335 novarit

83 357 228 423 Sportulas
241 355 368 424 publices
385 354 509 418 sustulit,
529 360 659 407 revocata
672 370 823 409 coenarum
833 371 861 409 rs

83 440 189 482 murum
214 429 419 482 consuetudine.
461 428 540 479 Duos
564 429 740 481 Circensibus
762 444 861 499 greges

82 504 218 558 factiones
232 504 323 555 aurati
336 503 520 572 purpureique
533 503 619 568 panni
635 502 671 553 ad
685 509 807 571 quatuor
820 504 861 572 pri

82 580 169 630 otinas
180 578 296 631 addidit.
325 576 470 628 interdixit
480 575 661 628 histrionibus
670 578 861 643 scenam,intrt

83 653 193 704 domum
204 652 314 721 quidem
323 650 469 703 exercendi
479 657 565 702 artem
574 651 635 702 iure
646 666 789 704 concesso.
823 652 861 704 Ge

81 727 166 779 suut
183 741 272 778 mares
291 725 387 777 vetuit.
426 724 597 792 spadonum,
618 725 667 793 qui
679 725 789 777 residui
802 725 861 794 spuo‘

80 815 230 868 mangones
240 805 329 864 erant,
349 799 440 866 pretia
453 798 610 850 moderatus
625 805 675 849 est.
714 799 754 851 Aa
768 814 861 852 sumno

82 874 220 940 quondam
230 875 356 925 ubertate
364 872 434 936 vini,
444 872 574 924 frumenti
582 888 648 924 vero
659 872 771 942 inopia,
782 874 861 925 existi

80 962 158 999 mans
167 948 406 1000 nimiovineerum
415 947 508 997 studio
519 946 623 1014 negligi
633 962 713 1010 arva,
729 948 829 1014 edixit,
838 963 861 1000 ιιι

81 1023 142 1089 quis
155 1021 278 1073 initalia
290 1020 455 1082 novellaret;
474 1025 558 1088 utque
571 1021 601 1071 in
614 1021 769 1086 provinciis
782 1022 861 1074 vincto

79 1095 295 1159 succiderentur,
305 1095 414 1157 relicto,
424 1094 475 1144 ubi
483 1093 643 1160 plurimum,
655 1094 774 1147 dimidie
782 1101 857 1165 ports

78 1170 250 1237 nee'exsequi
260 1184 318 1221 rem
327 1168 519 1235 perseveravit.
549 1167 691 1230 Quaedam
702 1169 861 1221 exmaxinrio

79 1243 178 1295 officiis
187 1240 260 1294 inter
273 1241 417 1293 libertinos
431 1243 591 1311 equitesque
599 1241 742 1295 Romanos
753 1258 861 1295 comum

77 1316 190 1369 micavit.
229 1315 371 1368 Gendnari
383 1315 524 1383 legionum
537 1322 629 1368 casua
646 1315 803 1384 probibuit:
821 1332 861 1370 ne

78 1390 140 1458 pius
151 1405 235 1458 quom
244 1389 319 1442 mille
328 1404 454 1441 nummos
465 1405 483 1441 a
492 1405 632 1457 quoquam
646 1391 683 1442 ed
697 1391 779 1459 signu
789 1392 858 1460 depo

78 1465 120 1529 ni,
141 1464 216 1531 quod
225 1463 260 1516 1..
270 1464 406 1516 Antonius
420 1465 494 1531 apud
504 1463 621 1516 duarum
630 1464 773 1532 legionum
783 1464 856 1518 biber

77 1553 127 1603 na,
137 1553 182 1591 res
191 1554 279 1591 novas
288 1539 417 1602 moilens,
432 1538 561 1590 fiduciam
572 1538 677 1606 cepisse
687 1539 773 1591 etiam
782 1553 817 1592 ex
827 1538 851 1591 o

77 1614 233 1680 positorum
247 1628 353 1664 summa
365 1612 520 1664 videbatur.
557 1612 672 1664 Addidit
696 1620 723 1665 et
744 1620 844 1683 quartu

77 1687 244 1755 stipendium
253 1687 345 1751 militi,
356 1701 455 1739 aureos
467 1693 568 1738 ternos.

132 1760 206 1812 viii.
225 1761 272 1814 lus
282 1760 427 1828 diligenter
436 1769 464 1813 et
473 1759 609 1813 industrie
620 1759 699 1825 dixit,
709 1761 835 1829 plerumq

78 1842 105 1887 et
113 1835 144 1886 in
153 1833 216 1887 foro
227 1850 277 1904 pro
288 1834 432 1898 tribunali,
443 1841 522 1886 extra
532 1834 664 1887 ordinem.
702 1834 827 1887 Ambitio

78 1910 309 1961 centumuirorum
323 1908 472 1960 sententias
482 1908 605 1960 rescidit.
642 1906 825 1978 Recuperator

77 1997 112 2033 no
141 1997 171 2032 se
199 1981 362 2049 perfusoriis
392 1983 591 2034 assertionibus
620 1982 819 2035 accommodat

77 2056 227 2107 identidem
240 2055 393 2108 admonuit.
430 2055 607 2108 Nummarios
620 2054 729 2108 iudices
745 2073 808 2109 cum

78 2130 467 2198 quemqueeonsilionotavit.
503 2131 608 2182 Auctor
616 2137 644 2182 et
653 2130 774 2182 tribunis
784 2130 810 2200 pi

76 2204 143 2268 fuit,
154 2204 272 2256 aedilem
281 2205 423 2256 sordidum
434 2205 645 2272 repetundarum
656 2204 805 2257 accusandi

78 2278 206 2346 dicesque
223 2280 253 2329 in
270 2294 332 2330 cunr
351 2294 368 2330 a
385 2286 483 2330 senatu
500 2279 619 2347 petendi.
656 2278 798 2346 Magistra

77 2368 187 2421 quoquc
196 2353 313 2416 urbicis,
333 2353 591 2420 provinciarumque
604 2353 782 2421 praesidibus

77 2426 179 2490 cendio,
190 2433 296 2478 tantum
307 2442 389 2478 curae
400 2425 539 2492 adhibuit,
549 2434 581 2479 ut
589 2441 678 2493 neque
688 2427 788 2479 modes

76 2516 197 2568 unquam
206 2515 294 2567 neque
304 2500 435 2552 iustiores
444 2501 610 2553 exstiterint:
629 2501 783 2569 equibusp

77 2589 130 2642 que
153 2581 218 2641 post
239 2574 318 2626 illum
341 2589 404 2626 roos
430 2575 550 2626 omnium
573 2574 719 2627 criminum
742 2577 778 2627 vio

67 2647 207 2721 Suscepto
222 2664 332 2706 morum
351 2649 533 2716 correctione,
553 2649 694 2702 boeotiam
708 2647 771 2703 theo
