1874 3060
209 171 493 223 VESPASIANUS.
529 175 709 223 (ΞΛΜ-Ἰ.
810 176 860 229 3⁰5

62 294 165 365 positis
184 293 279 364 itaque
302 298 460 351 nominibus
484 297 639 366 legatorum
663 286 859 364 consularium,

63 376 133 439 quot
140 371 245 440 ubique
254 377 321 424 tunc
330 379 422 439 erant,
437 389 520 441 quum
531 379 650 437 ceteros,
662 373 748 425 alium
758 374 816 426 alia
826 376 860 427 de

62 460 157 510 unsa,
168 445 365 514 improbarent,
376 454 404 507 et
414 449 526 515 quidam
537 463 552 499 e
562 446 671 514 legione
680 448 777 512 tertia,
789 464 860 516 quae

63 521 114 573 rub
133 520 212 572 exitu
229 519 348 573 Neronis
366 522 503 574 translata
523 537 557 575 ex
576 520 660 589 Syria
678 522 709 573 in
721 521 858 575 Moesiam

63 593 168 658 iuerat,
191 593 393 662 Vespasianum
417 596 547 649 laudibus
570 595 686 659 ferrent3
717 611 859 648 assensere

65 669 168 734 musti,
187 684 341 738 nomenque
361 672 421 724 elus
440 671 549 723 vexillis
565 671 691 722 omnibus
706 671 765 722 sine
780 686 859 722 nrora

63 744 271 811 inscripserant.
308 744 345 796 Et
362 752 428 796 tune
449 746 558 813 quidem
574 760 791 814 compressores
807 752 857 809 est,

64 819 202 870 revocatis
213 818 249 869 ad
259 819 379 871 officiam
392 821 513 871 numeris
526 835 682 888 parumper.
722 819 858 884 Ceterum

65 891 207 959 divulgato
218 891 306 958 famo,
323 895 452 945 Tiberius
461 893 628 958 Alexander,
641 894 798 963 praefectus
807 895 858 946 Ae·

64 968 155 1036 gypti,
176 967 281 1035 primus
294 969 323 1019 in
341 969 426 1020 verba
438 967 605 1034 Vespasiani
622 968 745 1043 legiones
766 969 860 1036 adegit

63 1040 197 1095 Kalendis
206 1040 283 1092 Iulii:
304 1043 353 1109 qui
365 1043 537 1110 principatus
552 1042 610 1093 dies
620 1042 650 1092 in
660 1049 800 1109 posterum
811 1044 859 1095 ob-

64 1121 188 1169 servatus
198 1121 249 1167 est
287 1116 416 1168 ludalous
431 1116 529 1168 deinde
543 1116 680 1168 exercitus
690 1115 724 1168 V.
735 1116 801 1167 ldus
816 1115 859 1167 lu·

63 1190 115 1243 lias
129 1189 206 1259 apud
218 1191 309 1257 ipsum
322 1191 434 1242 iuravit.
472 1191 624 1242 Plurimum
644 1191 749 1257 coeptis
764 1196 859 1241 eontu-

62 1263 165 1328 lerunt,
185 1264 320 1317 iactatum
330 1265 470 1332 exemplar
480 1265 627 1333 epistolae,
648 1264 859 1318 veraesivelal-

62 1353 123 1403 sae,
140 1336 264 1391 defuncti
274 1337 391 1391 Othonis
402 1340 437 1391 ad
447 1338 662 1407 Vespasianum,
677 1346 799 1393 extrema
810 1341 858 1391 ob-

60 1413 211 1465 testatione
233 1413 367 1465 ultionem
390 1414 559 1479 mandantis,
585 1420 612 1466 et
634 1419 667 1464 ut
688 1414 858 1481 reipublicae

61 1487 221 1539 subveniret
231 1489 366 1554 optantis:
386 1489 469 1539 simul
483 1503 578 1539 rumor
591 1488 754 1553 dissipatus,
775 1487 858 1538 desti-

60 1577 144 1613 nasse
157 1561 302 1613 Vitellium
316 1563 449 1615 rictorem
463 1567 618 1632 permutare
638 1558 753 1611 hiberna
771 1561 859 1627 legio-

62 1651 137 1700 num,
148 1641 177 1688 et
187 1633 367 1687 Germanicas
381 1635 529 1688 nansierre
542 1636 572 1686 in
583 1634 721 1685 Orientem
736 1633 771 1683 ad
782 1648 859 1684 aecer·

60 1711 165 1763 florem
175 1709 384 1779 mollioremque
395 1710 537 1760 militiam:
557 1714 700 1777 praeterea
710 1721 744 1758 ex
754 1709 859 1775 proesi-

61 1785 144 1836 dibus
154 1784 359 1851 provinciarum
369 1783 496 1835 Licinium
504 1783 664 1844 Mucianus,
685 1781 858 1848 eteregibus

60 1858 220 1925 Vologesus
229 1856 361 1921 Parthum
379 1858 441 1922 ille,
463 1857 590 1924 deposita
603 1855 755 1918 simrdtate,
777 1870 859 1921 quam

59 1934 90 1984 in
102 1932 135 1984 id
147 1938 256 2000 tempus
271 1947 304 1984 ex
320 1931 505 1985 aemulatione
523 1947 578 1982 non
600 1930 716 1981 obscure
735 1929 857 1996 gerebat,

61 2005 208 2074 Syriacum
222 2007 352 2074 promisit
365 2007 527 2069 exercitum
548 2004 593 2056 hic
602 2003 663 2055 XL·
674 2003 765 2055 millia
774 2004 858 2072 sagit-

58 2082 205 2133 nmmum.

115 2154 177 2206 Vll.
199 2153 332 2222 Suscepto
343 2155 429 2222 igitur
439 2153 612 2216 civilibello‚
634 2169 667 2205 ac
684 2154 801 2205 ducibus
813 2169 858 2204 co·

60 2229 171 2298 piisque
183 2230 214 2280 ln
228 2229 338 2280 ltaliam
351 2228 524 2297 praemissis,
543 2228 653 2280 interim
662 2227 858 2278 Alexandriam

59 2303 185 2367 transiit,
205 2309 237 2355 ut
250 2304 372 2355 claustra
385 2303 506 2370 Aegypti
520 2303 665 2354 obtineret.
704 2298 760 2351 Hic
774 2313 858 2366 quum

60 2377 95 2429 de
104 2378 236 2429 firmitate
249 2379 359 2446 imperii
373 2384 503 2445 capturus
518 2377 683 2443 auspicimn,
705 2372 799 2424 aedem
811 2370 857 2423 Se-

59 2452 177 2519 rapidis,
189 2453 333 2504 summotis
344 2452 484 2516 omnibus,
496 2450 572 2503 solus
581 2451 725 2510 intrasset,
737 2461 783 2509 ao,
794 2459 857 2512 pro·

59 2527 162 2594 pitiato
174 2527 288 2578 multum
299 2527 374 2591 Deo,
394 2528 505 2578 tandem
515 2541 545 2577 se
556 2521 748 2583 convertisset,
763 2519 857 2570 verbe·

58 2616 111 2653 uas
122 2616 295 2668 coronasque
306 2607 333 2653 et
342 2601 481 2669 panificia,
492 2605 524 2651 ut
533 2599 592 2650 illie
603 2591 857 2659 assolet,Basilldes

60 2674 207 2745 [libertus]
220 2676 474 2729 obmlisseeivisus
485 2680 540 2737 est;
561 2685 640 2742 quem
654 2680 744 2736 neque
760 2671 860 2722 admis-

92 2768 238 2816 susrom
630 2764 655 2815 ll
