1874 3060
175 174 432 228 comeranus.
466 175 678 227 (Mami-⁹2³.
772 173 823 229 339

22 300 62 353 rii
72 298 200 351 Caesaris
214 296 285 351 nihil
297 296 459 351 lectitabat:
480 297 615 364 epistolas
625 299 822 370 oransmsom

24 380 54 431 et
67 373 161 426 edicta
179 372 270 423 alieno
283 370 424 427 formabat
436 372 562 439 ingenio,
581 373 719 426 monis
729 379 822 426 nmen

23 464 76 502 nec
96 447 280 513 inelegantis,
300 446 437 501 dictorum
455 447 596 503 uterum
612 448 695 501 ctiam
712 448 823 501 notabi-

22 523 102 579 lium.
147 519 251 582 Vellem,
265 521 364 587 inquit,
379 529 435 578 con
441 520 579 591 formem
593 536 656 583 cua,
672 536 751 587 qm
763 519 821 574 Mc·

25 596 80 651 um
94 593 145 649 abi
157 594 281 647 videtur.-
298 601 326 647 et
346 595 489 652 cruusdua
508 601 602 663 captat,
622 596 758 648 varietate
777 610 821 648 ca·

22 671 89 739 pilii
106 669 271 724 subrutilum
291 674 318 723 et
336 669 478 734 moenum,
488 669 629 741 pessum
641 668 728 722 niceas
740 671 822 723 nubo

81 816 156 869 xxi.
178 816 371 872 Conditionem
389 817 544 884 principum
563 817 745 872 uberrimus
765 817 821 870 aie·

24 892 89 955 bat,
105 891 204 959 quibus
219 891 253 947 de
268 891 460 946 coniuratione
473 890 615 959 comperta
627 908 684 945 naa
698 891 821 947 erchre-

24 973 84 1029 tnr,
98 965 155 1017 nisi
170 965 278 1019 occisis.
320 964 635 1030 aestuationem,
651 964 714 1019 alca
728 981 758 1018 ae
772 966 821 1018 ob·

24 1039 160 1103 lectabat‚
175 1040 258 1091 etiam
269 1037 400 1105 protestis
410 1039 508 1093 diabru
516 1039 715 1108 matutinisque
722 1037 800 1104 ,boris
813 1057 820 1089 :

26 1128 59 1164 ac
76 1113 189 1167 lavabat
203 1113 236 1165 de
251 1113 310 1177 die,
324 1113 530 1181 prandebatque
546 1113 582 1167 ad
595 1113 751 1166 satietatem
763 1129 770 1174 ;
789 1119 822 1164 ut

24 1201 82 1241 non
94 1193 196 1251 temere
209 1203 291 1254 super
305 1203 418 1243 coenatu
432 1194 541 1255 practer
550 1187 708 1241 Matianum
715 1186 820 1239 malam

26 1267 54 1314 et
63 1260 201 1315 modicam
211 1261 241 1313 in
250 1261 374 1328 ampulla
385 1263 574 1328 monocula-
584 1267 710 1315 smeret
750 1261 822 1312 Gon-

25 1337 173 1392 sivabatsu
191 1334 347 1402 frequentes
366 1350 399 1387 ac
417 1336 508 1403 large,
527 1337 576 1389 sed
595 1351 682 1403 paone
700 1336 820 1404 raptim:

27 1415 102 1463 certe
115 1424 171 1463 non
185 1409 260 1465 ultra
273 1408 343 1465 solis
353 1423 496 1474 occasum,
508 1426 559 1465 nec
568 1416 601 1462 nt
612 1415 711 1477 pastea
722 1409 821 1462 comis

26 1489 143 1536 saretur.
181 1482 251 1535 Nam
273 1483 309 1533 ad
328 1481 424 1539 boram
443 1485 535 1537 sonui
547 1481 619 1537 nibil
632 1483 722 1547 alind,
737 1499 820 1551 qnam

26 1563 132 1610 secreto
144 1557 219 1607 solus
231 1556 433 1607 deambulabat.

81 1630 170 1682 XXll.
193 1629 333 1680 Libidinis
350 1631 466 1694 nimiae,
484 1629 673 1682 assiduitatem
692 1630 820 1681 concubi·

25 1711 84 1769 tus,
99 1705 175 1755 velut
189 1703 395 1755 exercitationis
409 1719 507 1770 genus,
523 1702 677 1771 clinopalen
691 1703 821 1754 vocabat.

26 1779 149 1846 Eratque
162 1777 249 1841 lama,
262 1777 344 1846 quasi
353 1778 521 1829 concubinas
528 1777 588 1845 ipse
599 1776 756 1840 develleret,
771 1792 820 1828 na-

25 1859 152 1919 taretque
174 1852 246 1901 inter
267 1852 475 1918 vulgatissimae
496 1851 662 1902 meretrices.
712 1849 820 1902 Fratris

26 1927 132 1990 liliam,
157 1924 247 1977 adhuc
264 1926 397 1991 virginem
418 1926 540 1977 oblatam
563 1925 592 1975 in
615 1925 822 1977 matrimonium

26 2001 95 2064 sibi,
111 2014 194 2066 quum
209 1998 348 2050 devinctus
363 1999 503 2051 Domitiae
517 2000 620 2066 nuptiis
633 1999 821 2066 pertinacissi-

26 2090 69 2126 me
79 2080 247 2136 recusasset,
264 2088 319 2123 non
334 2073 421 2126 multo
433 2079 497 2141 post
511 2073 560 2125 alii
570 2073 750 2138 collocatam,
761 2089 820 2126 cor-

27 2149 103 2216 rupit
112 2147 197 2211 nltro,
207 2153 235 2198 et
245 2146 354 2214 quidem
363 2146 426 2197 vivo
438 2147 521 2198 etiam
530 2152 588 2198 tum
599 2147 665 2198 Tito
676 2165 684 2198 ι
698 2163 763 2199 mox
773 2163 821 2214 pa·

26 2228 68 2274 tre
84 2222 191 2272 seviro
209 2221 335 2272 orbatam
351 2219 541 2272 ardentissime
555 2221 700 2289 palamque
715 2221 821 2283 dilexit,

25 2303 58 2346 nt
70 2296 155 2348 etiam
167 2310 251 2346 causa
264 2294 522 2359 mordacissimis,
532 2300 644 2347 coactae
660 2300 822 2361 conceptum

26 2383 44 2420 a
53 2385 84 2420 se
95 2370 215 2435 abigere.

82 2442 185 2494 XXlll.
200 2442 326 2493 Occisum
337 2457 398 2492 enm
408 2442 527 2510 populns
536 2439 734 2505 indifferenter,
742 2441 822 2492 miles

25 2516 190 2585 gravissime
199 2516 274 2581 tulit,
284 2516 431 2582 statimqne
442 2532 503 2568 enm
513 2516 614 2567 Divum
625 2514 765 2582 appellare
777 2530 822 2565 co-

25 2598 129 2653 natns3
158 2597 272 2656 paratim
291 2595 318 2641 et
336 2589 454 2654 ulcisci,
476 2590 532 2641 nisi
556 2589 639 2640 duces
663 2587 822 2639 defuissent.

27 2665 112 2728 Quod
126 2664 236 2734 quidem
251 2661 346 2732 parsllo
360 2669 425 2730 post
433 2663 510 2729 fecit,
519 2662 701 2732 expostulatis
713 2661 747 2713 ad
758 2676 823 2728 poe·

573 2756 592 2800 Y
603 2756 619 2800 2
