1874 3060
19 40 26 133 l

282 111 392 163 NERO.
427 113 506 163 GAP.
525 115 642 162 aa-at.
811 113 862 167 249

66 230 115 287 isc
123 233 214 287 iliam
226 234 293 288 tulit
306 236 451 288 claudiam
465 237 629 304 ingratam,
650 237 796 306 amisitque
812 241 861 293 ad-

10 348 15 375 ,
64 308 176 367 modum
194 307 336 363 infantem.
374 310 488 363 Nullum
507 310 577 362 adeo
590 313 801 365 necessitudinis
815 330 861 384 ge·

10 392 12 409 ²
63 397 114 434 nus
134 388 191 448 est,
212 384 288 453 qnod
305 400 362 438 non
381 385 483 437 scelere
507 385 664 452 perculerit.
701 386 859 454 Antoniam,

65 456 177 509 Claudii
193 457 293 523 liliam,
312 465 483 512 recusantem
502 465 567 527 post
581 458 728 527 Poppaeae
741 468 858 514 mortem

62 531 175 599 nuptias
185 546 263 598 suas,
284 535 366 602 quasi
374 534 539 586 molitricem
549 549 683 586 novarum
693 551 796 600 remrm,
816 537 857 587 in·

62 606 180 657 teremit.
218 604 352 659 Similiter
368 607 508 660 interemit
522 613 639 673 ceteros,
662 615 711 661 aut
724 610 857 662 affinitate
933 636 936 644 ·

62 678 159 747 aliqua
168 680 224 731 sibi
239 687 288 733 ant
300 682 509 750 propinquitate
524 683 697 736 coniunctos:
716 684 857 752 inquibus

61 752 162 807 Aulum
170 751 311 806 Plautium
320 757 459 818 iuvenem3
480 771 560 824 quem
574 773 657 824 quum
667 764 730 810 ante
740 765 857 811 mortem

61 842 111 896 per
118 827 177 879 vim
187 835 409 896 comportasset,
420 829 480 882 Eat
487 845 568 895 nune,
579 831 682 899 inquit,
693 842 778 886 neuter
787 849 855 898 mea,

62 910 90 953 et
97 916 272 955 succenserent
285 920 370 956 mecm
385 905 516 957 osculetur
520 920 534 965 ,·
552 904 660 956 iactans
675 906 805 959 dilectum
820 909 856 960 ab

61 990 102 1040 ea,
114 976 190 1028 etad
198 991 275 1045 spem
283 978 394 1046 imperii
403 978 559 1046 impulsum.
579 977 738 1047 Privignum
747 981 856 1032 Rullum

62 1050 227 1119 Crispinum,
239 1051 370 1121 Poppaea
378 1059 488 1116 natum,
499 1053 667 1121 impuberem
677 1053 778 1118 adhue,
791 1057 857 1121 quia

59 1122 202 1177 ferebatur
211 1125 327 1178 ducatus
336 1133 364 1179 et
373 1128 490 1195 imperia
499 1127 602 1192 ludere,
613 1129 787 1196 mergendum
799 1145 855 1180 ma·

59 1198 97 1264 ri,
118 1199 184 1251 dmn
193 1201 358 1268 piscaretur,
379 1203 466 1254 servis
479 1202 567 1270 ipsius
578 1202 760 1255 demandavit.
799 1204 855 1254 Tu·

59 1288 136 1325 scum
145 1275 262 1326 numicis
273 1275 359 1326 lilium
369 1275 514 1344 relegavit,
536 1277 650 1344 quodin
659 1277 855 1344 procuratione

58 1347 180 1417 Aegypti
193 1348 312 1401 balineis
325 1351 354 1402 in
370 1350 517 1401 adventum
526 1366 605 1401 suum
615 1353 761 1402 exstructis
771 1350 855 1402 lavis·

59 1428 110 1473 set.
150 1421 281 1476 Senecam
301 1430 508 1492 praeceptorem
531 1424 567 1474 ad
591 1439 683 1474 necem
708 1425 853 1490 compulit3

60 1497 186 1564 qnanrris
195 1510 279 1566 saepe
289 1504 470 1550 commeatum
481 1497 584 1565 petenti
597 1497 733 1565 bonisque
748 1497 855 1549 cedenti

58 1576 204 1638 persancte
213 1572 345 1636 iurasset,
366 1569 675 1642 suspectumsefrustra,
690 1570 854 1638 periturum·

57 1643 854 1788 {texitelimittitiffiiiiit‘itt

483 1758 490 1784 ‚
713 1755 719 1770 ‚
843 1748 854 1761 .

58 1799 103 1846 tos
113 1793 215 1846 divites
225 1800 353 1861 etsenes,
375 1795 442 1848 olim
456 1793 628 1863 adoptionis,
648 1807 714 1845 mox
729 1792 854 1846 dominn-

57 1868 144 1921 tionis
153 1883 222 1923 snae
230 1867 355 1922 fautores
365 1875 448 1937 atque
460 1875 593 1932 rectores,
613 1883 731 1933 veneno,
752 1869 854 1938 partim

60 1942 137 2007 cibis,
148 1943 252 2010 partim
261 1943 422 2012 potionibus
431 1945 530 2007 indito,
541 1942 695 2009 intercepit.

113 2015 244 2071 xxxvl.
263 2017 322 2070 Nec
335 2019 442 2070 minore
455 2019 573 2070 saevitia
587 2016 657 2069 ioris
667 2023 695 2070 et
703 2018 732 2069 in
743 2024 853 2071 exteros

58 2096 264 2158 grassatusest.
303 2091 390 2145 Stella
400 2092 512 2155 crinita,
529 2107 598 2159 quae
609 2092 722 2144 summis
731 2098 853 2160 poteste-

58 2166 131 2223 tibus
151 2166 268 2225 exitium
281 2167 445 2234 portendere
459 2166 541 2233 vulgo
558 2172 683 2234 putatur,
702 2181 753 2232 per
767 2165 853 2216 conti-

57 2254 127 2292 nnae
135 2245 235 2293 noctes
246 2241 315 2292 oriri
325 2245 462 2308 coeperat.
500 2240 604 2291 Anxius
614 2255 647 2292 eo
656 2254 700 2302 re,
714 2243 747 2288 ut
756 2252 790 2289 ex
799 2237 853 2288 Ba-

56 2313 114 2367 bilo
125 2314 272 2383 astrologo
284 2314 393 2379 didicit,
404 2314 493 2367 solere
503 2329 581 2381 reges
593 2312 663 2366 talia
674 2316 783 2365 ostenta
793 2324 853 2361 cae·
875 2321 877 2325 ’

57 2388 90 2441 de
111 2389 210 2458 alique
227 2388 332 2441 illustri
345 2389 456 2456 expiare
476 2395 559 2458 atque
577 2404 595 2439 a
613 2391 699 2438 semet
711 2385 741 2436 in
761 2385 854 2450 capita

55 2477 204 2530 procerum
214 2462 364 2531 depellere,
383 2463 557 2515 nobilissimo
573 2461 672 2527 cuique
682 2459 796 2510 exitium
807 2457 853 2508 de·

56 2537 182 2590 stinavit.
201 2536 349 2591 Enimvero
360 2537 554 2604 multomagis,
565 2542 593 2587 et
603 2533 683 2600 quasi
693 2547 741 2599 per
750 2533 853 2584 iustam

56 2625 184 2679 eausam,
205 2612 313 2666 duabus
327 2612 565 2666 coniurationibus
581 2607 766 2676 provulgatis:
787 2621 853 2676 qua·
