1874 3060
139 184 361 234 vrrliuuws.
395 186 475 233 GAP.
493 187 516 232 2.
536 188 558 233 ³.
698 183 748 237 28⁹

48 321 70 358 *o
90 307 212 360 remedio
232 307 353 360 fovebat.
391 307 466 360 Idem
486 309 550 358 miri
563 309 593 359 in
607 308 746 361 adulando

48 383 69 446 l,
84 382 189 448 primus
205 382 235 432 C.
247 383 392 434 Gaesarem
407 383 520 433 adorari
533 388 566 433 ut
580 383 660 434 deum
668 384 747 435 insti·

47 470 130 525 quum
143 471 268 508 reversus
278 471 312 508 ex
322 457 406 523 Syria
417 471 474 506 non
485 456 566 507 aliter
576 455 653 508 adire
664 471 747 509 ausus

69 544 152 595 quam
172 531 262 597 capite
280 530 386 594 velato,
417 531 685 598 circumuertensque
704 546 745 595 se,

48 620 52 652 ε
71 604 262 669 procumbens.
301 604 459 669 Claudium,
473 605 608 656 uxoribus
627 604 746 656 libertis·

48 675 169 741 idictum',
180 694 214 729 ne
225 693 280 747 qua
289 693 345 729 non
356 684 415 730 arte
425 678 616 742 demereretur,
626 692 678 747 pro
688 693 746 729 ma·

48 765 154 802 munere
168 766 185 801 a
198 752 350 804 Messalina
363 752 456 818 petiit,
469 759 502 804 ut
510 754 565 804 sibi
574 752 657 819 pedes
667 767 745 820 prae·

48 823 744 892 excalceandos:detractumquesocculumdextrum

48 903 137 964 togam
156 900 318 969 tunicasque
336 900 455 966 gestavit
473 900 601 966 assidue,
621 915 745 953 nonnun-

50 972 263 1025 oscuiabundus.
302 972 427 1024 Narcissi
440 988 552 1043 quoque
564 980 593 1026 et
608 974 752 1042 Pallantis

48 1060 85 1096 tes
106 1060 205 1099 alueos
222 1047 295 1099 iuter
308 1046 395 1098 Lares
416 1047 511 1099 coluit.
540 1047 641 1099 ‘liuius
655 1055 683 1100 et
693 1049 745 1098 illa

48 1124 70 1170 tr
88 1118 170 1186 Saepe
178 1120 287 1192 sodes!
300 1137 383 1191 quum
393 1121 549 1174 saeculares
559 1121 641 1173 ludos
651 1122 744 1174 edenti

48 1198 70 1244 io
80 1195 275 1260 gratularetur.

48 1304 54 1319 .
74 1267 201 1320 Decessit
210 1268 343 1336 paralysi,
355 1269 442 1322 altero
453 1271 499 1322 die
509 1287 591 1341 quam
601 1278 743 1338 correptus

48 1342 136 1393 uobus
155 1343 221 1395 filiis
241 1345 443 1410 superstitibus,
464 1360 543 1412 quos,
564 1361 598 1398 ex
618 1346 743 1410 Sextilia,

48 1417 149 1468 issinu
158 1433 209 1469 nec
218 1418 337 1484 ignobili
346 1417 456 1482 femina,
463 1419 561 1483 editos,
568 1421 695 1472 consules
704 1422 744 1472 ri-

64 1491 174 1559 quidem
195 1492 291 1544 eodem
312 1491 408 1542 ambos
427 1497 543 1559 totoque
563 1496 644 1557 anno,
660 1508 743 1561 quum

48 1607 51 1614 .
60 1566 151 1616 minor
160 1568 190 1617 in
201 1581 248 1618 ses
258 1580 364 1617 menses
374 1565 558 1617 successisset.
577 1565 743 1617 Defunctum

48 1654 62 1691 s
78 1640 189 1706 publico
205 1636 301 1691 iun'ere
316 1637 481 1689 honoravit=
504 1638 570 1689 item
584 1644 677 1689 statua
690 1653 741 1706 pro

53 1750 62 1778 ‚
75 1729 136 1764 cum
146 1712 198 1765 hac
207 1714 395 1780 inscriptione,
407 1710 520 1763 Pietatis
530 1711 667 1763 immobilis
676 1728 742 1782 ergo

48 1803 102 1839 em.
140 1788 226 1839 Aulus
236 1787 375 1850 Vitellius,
386 1785 420 1837 L.
431 1786 514 1851 iilius,
525 1787 683 1853 imperator,
693 1787 742 1838 na·

56 1869 156 1913 octavo
166 1861 307 1914 Kalendas
318 1859 456 1924 Octobris,
465 1859 519 1924 vel,
527 1865 560 1910 ut
570 1861 690 1929 quidam,
701 1876 742 1913 se·

54 1936 120 1986 idus
140 1935 325 2003 Septembris,
345 1934 437 1986 Druso
459 1935 589 1999 Caesare,
608 1934 741 1987 Norbano

48 2032 50 2054 ι
67 2010 237 2061 consulibus.
277 2009 438 2061 Genitoram
452 2009 524 2074 eius,
539 2009 708 2077 praedictam
725 2026 742 2062 a

48 2085 160 2148 natiuis,
179 2085 221 2135 ita
240 2089 367 2152 parentes
386 2081 593 2149 exhorruerunt,
613 2091 646 2136 ut
662 2092 742 2154 pater

49 2173 116 2226 pere
129 2173 235 2224 semper
250 2156 432 2221 contenderit,
445 2173 481 2208 ne
491 2174 546 2227 qua
559 2159 586 2210 ei
599 2159 743 2224 provincia

48 2249 52 2282 r
64 2233 292 2294 committeretur3
306 2236 394 2282 mater
403 2236 432 2282 et
440 2232 553 2283 missum
564 2230 601 2282 ad
609 2232 742 2298 legiones,

51 2305 165 2357 ellatum
183 2307 447 2372 imperatorempro
468 2305 570 2357 afflicto
590 2305 683 2355 statim
702 2304 742 2355 la·

48 2395 70 2430 :a
88 2381 134 2431 sit.
173 2379 324 2431 Pueritiam
342 2379 512 2449 primamque
528 2378 742 2430 adolescentiam

49 2471 62 2505 ι
73 2455 130 2522 egit
139 2454 212 2505 inter
221 2453 371 2505 Tiberiana
381 2459 487 2518 scorta,
502 2453 598 2520 etipse
607 2457 739 2520 perpetuo

49 2544 82 2581 ae
103 2528 265 2596 cognomine
284 2535 410 2593 notatus,
435 2527 661 2594 existimatioque
681 2539 741 2576 cor·

48 2602 136 2670 gratia
154 2602 264 2654 initium
283 2608 312 2655 et
325 2617 410 2655 causa
423 2602 653 2654 incrementorum
666 2599 741 2666 patri

50 2775 124 2813 ros.
513 2767 537 2814 'i
