1822 3068
76 108 127 163 '22
238 146 241 151 -
328 154 329 158 ,
373 116 400 162 G.
428 114 610 163 SURTONll

96 238 165 291 baec
178 238 428 302 contuebimur,
448 237 604 305 quindecim
622 237 756 289 urendum
771 252 833 289 erim
846 237 886 289 in-

95 310 257 378 tercalario,
280 313 328 380 qui
342 326 376 365 ex
390 312 587 365 comuetudim
596 313 627 363 in
636 322 698 367 erim
710 324 810 363 nnnrrm
819 312 886 365 inci·

95 387 183 439 deret.

150 461 224 515 xm.
239 461 367 515 Senatum
379 461 527 528 supplevit:
543 460 677 528 patricios
688 459 796 526 allegit:
807 472 884 527 pruc-

94 543 195 600 torum,
206 536 347 599 aedilium,
358 543 548 603 quaestorum,
559 536 697 587 minorum
706 535 790 585 etium
799 536 884 601 megi·

94 617 230 663 stratuum
246 622 390 663 numerurm
408 610 563 677 ampliavit:
587 609 707 660 nudatos
722 624 805 675 opere
825 625 884 661 oen·

95 686 184 748 sorio,
196 691 244 735 aut
253 686 388 737 sententia
396 685 519 737 iudicum
530 685 563 736 de
573 684 678 735 ambitu
689 683 885 735 condemnatos

94 760 226 811 restituit.
265 759 385 811 Comitis
396 776 456 811 cum
467 760 572 828 populo
582 759 702 827 partitus
711 763 765 809 ests
784 764 829 822 nt,
841 773 885 809 ex·

95 833 183 900 ceptis
194 833 354 885 consulatus
365 835 605 902 competitoribus,
621 833 656 885 de
670 839 760 883 cetero
772 848 884 885 nrusero

95 908 314 972 candidatorum,
326 922 376 975 pro
387 916 465 976 parte
477 909 604 972 dimidia,
622 922 691 974 quos
700 906 821 973 populus
831 907 885 961 rel-

93 982 145 1045 let,
165 983 425 1048 pronunciarentrrr5
448 998 498 1050 pro
519 989 598 1049 parte
618 982 717 1044 ultera,
739 997 809 1047 quos
827 981 886 1048 ipse

95 1056 236 1109 edidisset.
265 1056 302 1107 Et
312 1057 412 1109 edebat
420 1072 469 1123 per
479 1057 598 1120 libellos,
611 1056 712 1107 curum
722 1056 813 1106 tribus
823 1056 885 1107 nris·

95 1147 152 1194 sos,
162 1132 299 1197 scriptura
309 1131 399 1182 brevi:
420 1131 518 1183 Caesar
528 1130 643 1183 dictator
652 1129 692 1181 itu·
702 1129 793 1181 tribui
811 1128 885 1181 Com·

96 1204 187 1257 mesdo
200 1204 272 1256 vobis
284 1204 357 1256 illum
372 1215 399 1257 et
411 1205 496 1266 illum,
517 1215 549 1257 ut
560 1214 646 1257 vestm
660 1202 795 1272 suffragio
812 1218 885 1255 mast

95 1278 254 1348 dignitatem
264 1289 379 1331 teneant.
416 1279 535 1331 Admisit
550 1279 585 1329 ad
599 1277 719 1331 honores
729 1284 757 1329 et
766 1279 884 1346 proscri-

94 1360 207 1421 ptorum
225 1353 337 1405 liberos.
375 1354 483 1405 Iudicis
502 1355 539 1405 ud
559 1355 615 1405 duo
638 1366 740 1419 genera
763 1353 884 1405 iudicum

95 1428 214 1494 redegit,
228 1429 361 1496 equestris
373 1429 478 1481 ordinis
493 1445 526 1481 uo
539 1428 685 1480 senatorii:
704 1428 831 1480 tribrmos
842 1443 884 1479 us·

96 1503 200 1566 turios,
214 1503 289 1570 quod
305 1510 366 1557 erut
377 1505 502 1567 tertium,
517 1504 637 1555 sustulit
675 1502 828 1555 Recensum
837 1518 884 1569 po·

95 1577 156 1644 puli
165 1593 216 1629 uec
225 1594 302 1630 more
311 1579 435 1631 neclooo
445 1579 543 1641 solito,
559 1579 607 1630 sed
616 1578 729 1629 vicatim
738 1592 789 1644 per
799 1576 884 1629 domi·

96 1668 148 1703 nos
166 1652 318 1703 insularum
337 1654 406 1718 egits
431 1659 514 1718 etque
533 1667 566 1703 ex
585 1653 685 1719 viginti
704 1653 885 1717 nemusque

95 1724 219 1777 millibus
233 1726 427 1792 accipientium
441 1725 605 1778 frumentum
617 1743 631 1778 e
641 1727 768 1793 publico,
779 1726 816 1779 ud
827 1741 883 1777 oen·

96 1809 155 1850 tum
166 1799 364 1866 quinquaginta
374 1801 498 1852 retraxit.
536 1801 576 1851 Ac
589 1817 622 1852 ne
642 1801 690 1867 qui
707 1801 774 1851 novi
793 1806 884 1851 coetus

96 1874 265 1927 recensionis
276 1888 361 1925 ceusu
370 1876 477 1927 moveri
490 1875 655 1942 quandoque
668 1880 794 1940 possent,
808 1875 885 1925 insti·

96 1949 162 2012 tuit,
176 1948 331 2015 'quotannis
344 1949 373 1999 in
388 1949 594 2001 demortuorum
608 1950 700 2001 locum
718 1962 752 2000 ex
769 1950 819 2012 iis,
840 1948 883 2016 qui

96 2023 227 2077 recensiti
235 2039 290 2079 non
301 2031 400 2088 essent,
410 2025 573 2077 subsortitio
586 2040 603 2076 a
612 2029 741 2091 praetore
751 2024 836 2075 lieret.

152 2097 239 2151 xuli.
260 2098 408 2166 Octoginta
418 2107 509 2152 arrtem
519 2100 619 2152 civium
629 2098 751 2158 millibus
761 2099 791 2149 iu
800 2106 884 2149 trans·

97 2174 220 2224 marinus
233 2173 360 2226 colonias
373 2175 540 2240 distributis,
560 2180 593 2226 ut
609 2173 760 2226 exhaustus
777 2186 886 2239 quoqne

97 2248 167 2300 Urbi
184 2246 340 2315 frequentia
360 2256 528 2316 suppeteret,
551 2250 656 2312 sanxit,
681 2263 716 2299 ne
737 2248 799 2314 quis
820 2246 887 2299 ciris

98 2324 189 2375 maior
199 2323 280 2375 annis
288 2324 388 2391 viginti
396 2326 519 2376 minorve
531 2324 726 2391 quadraginta,
738 2322 788 2389 qui
797 2335 887 2375 socru

98 2404 191 2449 mento
204 2413 260 2455 non
274 2405 423 2463 teneretur,
443 2399 506 2466 plus
519 2400 639 2451 triennio
661 2397 793 2450 continuo
806 2395 889 2447 ltsliu

100 2473 221 2525 abesset:
240 2488 296 2527 neu
305 2474 367 2540 quis
376 2474 514 2526 senatoris
523 2475 607 2538 tilius,
617 2475 674 2525 nisi
684 2469 889 2525 contubernalis

99 2553 149 2597 urit
158 2562 251 2601 comes
259 2549 446 2614 unguuntur,
455 2564 569 2616 peregre
578 2549 812 2617 proficisceretur:
822 2558 890 2597 nere

92 2618 133 2682 hi,
146 2622 195 2685 qui
200 2623 365 2688 pecuarium
375 2623 510 2687 lucerent,
525 2625 615 2677 minos
624 2624 708 2676 tertis
716 2626 797 2689 purte
806 2620 890 2688 pube·
