1822 3068
191 195 386 244 CLAUDIUS.
423 197 498 244 CAP.
517 199 557 243 25.
576 200 615 244 26.
750 199 800 252 213

35 317 100 382 quod,
113 318 140 368 in
150 318 297 385 popularia
308 318 430 384 deducti,
451 335 534 387 quum
544 321 799 376 animadvertissent

32 386 127 445 Parthos
136 394 309 445 etArmenios
319 393 443 445 sedentes
452 395 482 444 in
492 399 597 459 senatu,
609 395 644 446 ad
654 397 749 449 eadem
757 399 798 452 lo-

32 478 56 515 m
63 472 149 535 sponte
158 466 428 533 transierant,nihilo
440 468 603 520 deteriorem
612 470 740 522 virtutem
750 481 799 524 aut

33 541 194 594 auditionem
213 558 292 593 suam
309 543 509 610 praedicantes.
548 543 716 596 Druidarum
735 546 797 597 reli-

31 613 118 680 gionem
127 617 201 685 apud
212 616 309 668 Gallos
320 617 396 669 dirae
405 618 594 682 immanitatis,
606 625 634 670 et
642 624 749 670 tantum
760 621 797 672 ci·

30 687 90 742 uba
107 692 156 743 sub
176 692 298 758 Augusto
322 691 509 757 interdictam,
532 693 642 760 penitus
667 694 797 746 abolevit.

32 760 124 830 ὓοπῑη,
144 781 225 817 sacra
237 765 379 818 Eleusinia
393 767 476 818 etiam
494 767 643 819 transferre
658 783 692 819 ex
706 769 798 820 Attica

30 833 123 891 huam
137 846 253 892 conatus
267 847 316 892 est.
355 841 551 908 Templumque
561 843 590 892 in
602 842 699 894 Sicilia
708 841 796 895 Vene-

30 911 205 982 risllryeinae,
220 921 354 967 vetustate
366 915 531 982 collapsum,
541 922 573 967 ut
582 931 615 968 ex
626 917 735 969 aerario
746 934 795 986 po-

29 986 194 1051 pulillomani
207 991 376 1054 reficeretur,
397 995 494 1040 auctor
503 989 564 1040 fuit.
604 992 671 1042 Cum
686 994 797 1060 regibus

29 1057 105 1115 losum
113 1065 142 1115 in
151 1063 214 1116 foro
225 1064 287 1127 icit,
301 1079 387 1131 porca
398 1078 490 1126 caesa,
508 1079 541 1114 ac
550 1070 640 1116 vetere
649 1065 797 1118 Fetialium

28 1136 180 1200 mentione
190 1136 323 1189 adhibita.
362 1138 416 1190 Sed
430 1144 458 1190 et
471 1135 539 1190 haec
549 1146 577 1190 et
587 1145 686 1204 cetera,
696 1146 797 1192 totum-

29 1213 138 1275 madeo
150 1219 272 1281 exparte
283 1228 382 1280 magna
391 1213 587 1280 principatum,
607 1229 663 1266 non
678 1220 735 1265 tam
745 1230 796 1266 suo

28 1295 215 1349 quumuxorum
225 1288 440 1355 libertorumque
454 1288 569 1340 arbitrio
581 1289 796 1352 administravit3

26 1358 181 1431 utrubique
190 1362 362 1430 plerumque,
383 1361 489 1430 qualem
504 1378 563 1414 esse
578 1379 637 1415 eum
654 1370 703 1415 aut
716 1380 796 1432 erpe-

26 1430 79 1488 (ΗΜ
86 1438 141 1489 illis
152 1444 201 1488 aut
210 1437 316 1488 liberet.

63 1510 159 1564 XXVI.
180 1511 302 1579 Sponsas
321 1510 468 1563 admodum
485 1510 644 1563 adolescens
659 1510 728 1562 duas
747 1510 795 1562 ha-

23 1578 79 1637 lut:
96 1587 242 1640 Aemiliam
251 1584 398 1654 Lepidam,
410 1585 525 1652 Augusti
535 1591 709 1652 proneptem3
729 1586 795 1636 item

21 1650 112 1713 lislam
122 1660 316 1725 Medullinam,
328 1660 373 1712 eui
383 1666 410 1711 et
420 1674 571 1727 cognomen
583 1658 715 1710 Camillae
726 1665 794 1724 erat,

21 1745 126 1802 tgulcre
137 1736 252 1804 antiquo
264 1735 407 1787 dictatoris
419 1734 538 1785 Camilli.
576 1733 709 1798 Priorem,
720 1733 795 1801 quod

17 1818 129 1873 parentes
140 1812 200 1862 eius
209 1811 360 1877 Augustum
371 1808 550 1873 offenderant,
561 1808 694 1876 virginem
706 1806 796 1860 adbuc

16 1886 170 1954 repudiavit3
195 1885 375 1952 posteriorem
393 1886 455 1952 ipso
476 1885 533 1949 die,
555 1884 603 1950 qui
617 1889 677 1935 erat
690 1883 794 1952 nuptiis

17 1956 164 2025 matus,
176 1976 210 2012 ex
219 1959 376 2012 valetudine
388 1960 488 2010 amisit.
518 1959 625 2010 Uxores
637 1958 734 2011 deinde
745 1958 794 2009 du-

13 2032 191 2088 xiti’lautiam
200 2034 414 2102 Urgulanillam,
434 2032 606 2101 triumphali,
628 2041 655 2086 et
668 2034 794 2087 morde-

11 2105 68 2163 liuu
76 2110 211 2173 Petinum,
223 2109 364 2160 consulari
372 2115 459 2177 patre.
498 2109 565 2159 cum
575 2114 691 2177 utraque
702 2109 793 2160 divor-

10 2185 69 2237 tium
77 2185 157 2248 iecit3
178 2184 227 2236 sed
242 2200 303 2236 cum
313 2183 411 2234 Petina
424 2199 458 2234 ex
468 2182 573 2234 levibus
585 2183 711 2245 offensis3
732 2197 794 2233 curn

10 2258 174 2329 Urgulanilla
189 2261 224 2310 ob
239 2258 384 2310 libidinum
398 2258 501 2325 probra
515 2264 542 2309 et
551 2255 695 2308 homicidii
705 2256 792 2323 suspi-

10 2334 115 2389 cionem.
154 2333 224 2386 Post
237 2332 287 2385 has
301 2332 441 2384 Valeriam
455 2332 656 2394 Messallinam,
676 2330 793 2380 Barbati

10 2407 147 2463 llessallue
158 2408 319 2460 consobrini
328 2407 372 2458 sui
381 2407 479 2471 filiam,
493 2408 523 2458 in
533 2405 737 2457 matrimonium
748 2418 792 2454 ac·

10 2486 80 2547 epit,
121 2484 210 2546 Quam
222 2498 303 2551 quum
315 2482 504 2549 comperisset,
520 2497 601 2549 super
615 2476 792 2543 eeteraflagi-

10 2564 26 2602 ῑ
48 2566 132 2629 etque
142 2558 292 2622 dedecora,
304 2558 334 2608 c.
346 2556 416 2610 Silio
428 2558 511 2608 etiam
521 2555 661 2622 nupsisse,
677 2552 741 2603 dote
751 2552 792 2602 in-

10 2639 31 2676 ?
48 2635 178 2704 auspices
188 2632 363 2700 consignata,
375 2631 511 2700 supplicio
523 2628 627 2691 affecit3
649 2626 791 2679 confirma-

10 2706 90 2781 kquc
104 2724 158 2780 pro
171 2708 313 2781 ,concione
333 2706 407 2777 apud
425 2704 633 2776 praetorianos,
656 2699 791 2768 Quatenus
