<?xml version="1.0" encoding="UTF-8"?>
<!DOCTYPE html PUBLIC "-//W3C//DTD XHTML 1.0 Transitional//EN"
    "http://www.w3.org/TR/xhtml1/DTD/xhtml1-transitional.dtd">
<html xmlns="http://www.w3.org/1999/xhtml" xml:lang="en" lang="en">
 <head>
  <title>
</title>
<meta http-equiv="Content-Type" content="text/html;charset=utf-8" />
  <meta name='ocr-system' content='tesseract 3.04.00' />
  <meta name='ocr-capabilities' content='ocr_page ocr_carea ocr_par ocr_line ocrx_word'/>
</head>
<body>
  <div class='ocr_page' id='page_1' title='image "./csuetoniitranqu00trangoog_0225.png"; bbox 0 0 1874 3060; ppageno 0'>
   <div class='ocr_carea' id='block_1_1' title="bbox 160 206 680 259">
    <p class='ocr_par' dir='ltr' id='par_1_1' title="bbox 160 206 680 259">
     <span class='ocr_line' id='line_1_1' title="bbox 160 206 680 259; baseline -0.013 0"><span class='ocrx_word' id='word_1_1' title='bbox 160 207 211 259; x_wconf 81' lang='lat'>212</span> <span class='ocrx_word' id='word_1_2' title='bbox 439 208 467 252; x_wconf 79' lang='lat' dir='ltr'>c.</span> <span class='ocrx_word' id='word_1_3' title='bbox 488 206 680 253; x_wconf 76' lang='lat' dir='ltr'>SUETONII</span> 
     </span>
    </p>
   </div>
   <div class='ocr_carea' id='block_1_2' title="bbox 160 329 878 2261">
    <p class='ocr_par' dir='ltr' id='par_1_2' title="bbox 160 329 878 2261">
     <span class='ocr_line' id='line_1_2' title="bbox 162 329 878 397; baseline -0.004 -13"><span class='ocrx_word' id='word_1_4' title='bbox 162 329 304 384; x_wconf 86' lang='lat' dir='ltr'>cohortem</span> <span class='ocrx_word' id='word_1_5' title='bbox 313 329 878 397; x_wconf 84' lang='lat' dir='ltr'>alam,postalamt1ibunatumlegionisd</span> 
     </span>
     <span class='ocr_line' id='line_1_3' title="bbox 161 405 878 475; baseline -0.003 -16"><span class='ocrx_word' id='word_1_6' title='bbox 161 405 354 475; x_wconf 81' lang='lat' dir='ltr'>stipendiaque</span> <span class='ocrx_word' id='word_1_7' title='bbox 362 405 496 468; x_wconf 77' lang='lat' dir='ltr'><strong>instituit,</strong></span> <span class='ocrx_word' id='word_1_8' title='bbox 506 411 535 455; x_wconf 88' lang='lat' dir='ltr'>et</span> <span class='ocrx_word' id='word_1_9' title='bbox 543 405 724 472; x_wconf 80' lang='lat' dir='ltr'>imaginariae</span> <span class='ocrx_word' id='word_1_10' title='bbox 733 405 851 457; x_wconf 88' lang='lat' dir='ltr'>militiae</span> <span class='ocrx_word' id='word_1_11' title='bbox 860 420 878 472; x_wconf 88' lang='lat' dir='ltr'>g</span> 
     </span>
     <span class='ocr_line' id='line_1_4' title="bbox 162 477 878 549; baseline -0.003 -17"><span class='ocrx_word' id='word_1_12' title='bbox 162 481 239 549; x_wconf 79' lang='lat' dir='ltr'>quod</span> <span class='ocrx_word' id='word_1_13' title='bbox 247 486 364 532; x_wconf 82' lang='lat' dir='ltr'>vocatur</span> <span class='ocrx_word' id='word_1_14' title='bbox 374 477 458 545; x_wconf 77' lang='lat' dir='ltr'>Super</span> <span class='ocrx_word' id='word_1_15' title='bbox 466 495 610 541; x_wconf 70' lang='lat' dir='ltr'>umerum,</span> <span class='ocrx_word' id='word_1_16' title='bbox 622 494 677 546; x_wconf 87' lang='lat' dir='ltr'>quo</span> <span class='ocrx_word' id='word_1_17' title='bbox 687 481 824 544; x_wconf 77' lang='lat' dir='ltr'><strong>absentes,</strong></span> <span class='ocrx_word' id='word_1_18' title='bbox 834 485 878 530; x_wconf 88' lang='lat' dir='ltr'>ett</span> 
     </span>
     <span class='ocr_line' id='line_1_5' title="bbox 161 553 873 622; baseline -0.003 -15"><span class='ocrx_word' id='word_1_19' title='bbox 161 563 255 619; x_wconf 87' lang='lat' dir='ltr'>tenus,</span> <span class='ocrx_word' id='word_1_20' title='bbox 268 553 453 622; x_wconf 83' lang='lat' dir='ltr'>iungerentur.</span> <span class='ocrx_word' id='word_1_21' title='bbox 490 553 594 604; x_wconf 82' lang='lat' dir='ltr'>Milites</span> <span class='ocrx_word' id='word_1_22' title='bbox 608 553 706 605; x_wconf 91' lang='lat' dir='ltr'>domos</span> <span class='ocrx_word' id='word_1_23' title='bbox 716 554 873 606; x_wconf 82' lang='lat' dir='ltr'>senatorias</span> 
     </span>
     <span class='ocr_line' id='line_1_6' title="bbox 161 627 878 696; baseline -0.003 -14"><span class='ocrx_word' id='word_1_24' title='bbox 161 629 242 682; x_wconf 89' lang='lat' dir='ltr'>tandi</span> <span class='ocrx_word' id='word_1_25' title='bbox 252 643 336 680; x_wconf 84' lang='lat' dir='ltr'>causa</span> <span class='ocrx_word' id='word_1_26' title='bbox 344 627 460 694; x_wconf 83' lang='lat' dir='ltr'>ingredi,</span> <span class='ocrx_word' id='word_1_27' title='bbox 471 628 554 678; x_wconf 88' lang='lat' dir='ltr'>etiam</span> <span class='ocrx_word' id='word_1_28' title='bbox 564 634 672 693; x_wconf 89' lang='lat' dir='ltr'>patrum</span> <span class='ocrx_word' id='word_1_29' title='bbox 682 628 792 679; x_wconf 88' lang='lat' dir='ltr'>decreto</span> <span class='ocrx_word' id='word_1_30' title='bbox 803 627 878 696; x_wconf 76' lang='lat' dir='ltr'>proli</span> 
     </span>
     <span class='ocr_line' id='line_1_7' title="bbox 161 702 878 770; baseline -0.004 -15"><span class='ocrx_word' id='word_1_31' title='bbox 161 703 335 767; x_wconf 82' lang='lat' dir='ltr'>Libertinos,</span> <span class='ocrx_word' id='word_1_32' title='bbox 355 702 404 770; x_wconf 87' lang='lat' dir='ltr'>qui</span> <span class='ocrx_word' id='word_1_33' title='bbox 417 717 447 752; x_wconf 89' lang='lat' dir='ltr'>se</span> <span class='ocrx_word' id='word_1_34' title='bbox 460 717 512 769; x_wconf 91' lang='lat' dir='ltr'>pro</span> <span class='ocrx_word' id='word_1_35' title='bbox 532 703 670 770; x_wconf 88' lang='lat' dir='ltr'>equitibus</span> <span class='ocrx_word' id='word_1_36' title='bbox 683 702 816 754; x_wconf 89' lang='lat' dir='ltr'>Romanis</span> <span class='ocrx_word' id='word_1_37' title='bbox 834 717 878 770; x_wconf 67' lang='lat' dir='ltr'>agi</span> 
     </span>
     <span class='ocr_line' id='line_1_8' title="bbox 162 775 878 846; baseline -0.003 -16"><span class='ocrx_word' id='word_1_38' title='bbox 162 777 323 846; x_wconf 84' lang='lat' dir='ltr'>publicavit.</span> <span class='ocrx_word' id='word_1_39' title='bbox 352 775 488 843; x_wconf 82' lang='lat' dir='ltr'>Ingratos,</span> <span class='ocrx_word' id='word_1_40' title='bbox 499 783 527 827; x_wconf 92' lang='lat' dir='ltr'>et</span> <span class='ocrx_word' id='word_1_41' title='bbox 536 776 570 826; x_wconf 94' lang='lat' dir='ltr'>de</span> <span class='ocrx_word' id='word_1_42' title='bbox 580 777 679 844; x_wconf 87' lang='lat' dir='ltr'>quihus</span> <span class='ocrx_word' id='word_1_43' title='bbox 688 777 801 845; x_wconf 86' lang='lat' dir='ltr'>patroni</span> <span class='ocrx_word' id='word_1_44' title='bbox 811 793 878 845; x_wconf 86' lang='lat' dir='ltr'>quer</span> 
     </span>
     <span class='ocr_line' id='line_1_9' title="bbox 162 850 877 919; baseline -0.001 -15"><span class='ocrx_word' id='word_1_45' title='bbox 162 860 221 916; x_wconf 87' lang='lat' dir='ltr'>tur,</span> <span class='ocrx_word' id='word_1_46' title='bbox 240 850 381 903; x_wconf 82' lang='lat' dir='ltr'>revocarit</span> <span class='ocrx_word' id='word_1_47' title='bbox 398 851 428 900; x_wconf 93' lang='lat' dir='ltr'>in</span> <span class='ocrx_word' id='word_1_48' title='bbox 447 851 618 913; x_wconf 70' lang='lat' dir='ltr'>servitutem</span> <span class='ocrx_word' id='word_1_49' title='bbox 643 851 840 919; x_wconf 83' lang='lat' dir='ltr'>advocatisque</span> <span class='ocrx_word' id='word_1_50' title='bbox 860 867 877 903; x_wconf 90' lang='lat' dir='ltr'>e</span> 
     </span>
     <span class='ocr_line' id='line_1_10' title="bbox 162 923 878 994; baseline -0.003 -16"><span class='ocrx_word' id='word_1_51' title='bbox 162 926 285 994; x_wconf 82' lang='lat' dir='ltr'>negarit,</span> <span class='ocrx_word' id='word_1_52' title='bbox 305 940 335 976; x_wconf 90' lang='lat' dir='ltr'>se</span> <span class='ocrx_word' id='word_1_53' title='bbox 350 925 479 976; x_wconf 87' lang='lat' dir='ltr'>adversus</span> <span class='ocrx_word' id='word_1_54' title='bbox 493 923 607 976; x_wconf 88' lang='lat' dir='ltr'>libertos</span> <span class='ocrx_word' id='word_1_55' title='bbox 620 925 744 992; x_wconf 89' lang='lat' dir='ltr'>ipsorum</span> <span class='ocrx_word' id='word_1_56' title='bbox 752 926 797 975; x_wconf 90' lang='lat' dir='ltr'>ius</span> <span class='ocrx_word' id='word_1_57' title='bbox 807 926 878 976; x_wconf 77' lang='lat' dir='ltr'>dicta</span> 
     </span>
     <span class='ocr_line' id='line_1_11' title="bbox 163 998 878 1069; baseline 0 -17"><span class='ocrx_word' id='word_1_58' title='bbox 163 1001 254 1063; x_wconf 76' lang='lat' dir='ltr'>Quum</span> <span class='ocrx_word' id='word_1_59' title='bbox 269 999 381 1069; x_wconf 88' lang='lat' dir='ltr'>quidam</span> <span class='ocrx_word' id='word_1_60' title='bbox 395 1014 479 1066; x_wconf 88' lang='lat' dir='ltr'>aegra</span> <span class='ocrx_word' id='word_1_61' title='bbox 492 1005 520 1050; x_wconf 88' lang='lat' dir='ltr'>et</span> <span class='ocrx_word' id='word_1_62' title='bbox 533 998 635 1050; x_wconf 83' lang='lat' dir='ltr'>affecta</span> <span class='ocrx_word' id='word_1_63' title='bbox 647 1001 785 1067; x_wconf 87' lang='lat' dir='ltr'>mancipia</span> <span class='ocrx_word' id='word_1_64' title='bbox 794 1001 825 1051; x_wconf 92' lang='lat' dir='ltr'>in</span> <span class='ocrx_word' id='word_1_65' title='bbox 834 1000 878 1052; x_wconf 91' lang='lat' dir='ltr'>ins</span> 
     </span>
     <span class='ocr_line' id='line_1_12' title="bbox 161 1073 873 1143; baseline 0 -17"><span class='ocrx_word' id='word_1_66' title='bbox 161 1074 320 1143; x_wconf 79' lang='lat' dir='ltr'>Aesculapii</span> <span class='ocrx_word' id='word_1_67' title='bbox 327 1073 422 1125; x_wconf 91' lang='lat' dir='ltr'>taedio</span> <span class='ocrx_word' id='word_1_68' title='bbox 436 1073 564 1124; x_wconf 87' lang='lat' dir='ltr'>medendi</span> <span class='ocrx_word' id='word_1_69' title='bbox 577 1080 755 1140; x_wconf 80' lang='lat' dir='ltr'>exponerent,</span> <span class='ocrx_word' id='word_1_70' title='bbox 776 1090 873 1127; x_wconf 87' lang='lat' dir='ltr'>omnes</span> 
     </span>
     <span class='ocr_line' id='line_1_13' title="bbox 163 1148 878 1217; baseline -0.006 -15"><span class='ocrx_word' id='word_1_71' title='bbox 163 1156 370 1217; x_wconf 81' lang='lat' dir='ltr'>exponerentur,</span> <span class='ocrx_word' id='word_1_72' title='bbox 381 1148 484 1198; x_wconf 87' lang='lat' dir='ltr'>liberos</span> <span class='ocrx_word' id='word_1_73' title='bbox 494 1163 554 1199; x_wconf 92' lang='lat' dir='ltr'>esse</span> <span class='ocrx_word' id='word_1_74' title='bbox 563 1149 663 1213; x_wconf 86' lang='lat' dir='ltr'>sanxit,</span> <span class='ocrx_word' id='word_1_75' title='bbox 671 1165 722 1200; x_wconf 89' lang='lat' dir='ltr'>nec</span> <span class='ocrx_word' id='word_1_76' title='bbox 731 1149 822 1201; x_wconf 86' lang='lat' dir='ltr'>redire</span> <span class='ocrx_word' id='word_1_77' title='bbox 831 1149 862 1200; x_wconf 90' lang='lat' dir='ltr'>in</span> <span class='ocrx_word' id='word_1_78' title='bbox 873 1167 878 1198; x_wconf 73' lang='grc' dir='ltr'>ι</span> 
     </span>
     <span class='ocr_line' id='line_1_14' title="bbox 161 1221 878 1291; baseline -0.007 -16"><span class='ocrx_word' id='word_1_79' title='bbox 161 1240 223 1276; x_wconf 92' lang='lat' dir='ltr'>nem</span> <span class='ocrx_word' id='word_1_80' title='bbox 238 1223 357 1287; x_wconf 91' lang='lat' dir='ltr'>domini,</span> <span class='ocrx_word' id='word_1_81' title='bbox 377 1223 404 1273; x_wconf 92' lang='lat' dir='ltr'>si</span> <span class='ocrx_word' id='word_1_82' title='bbox 417 1221 631 1274; x_wconf 83' lang='lat' dir='ltr'>convaluissent:</span> <span class='ocrx_word' id='word_1_83' title='bbox 655 1223 755 1290; x_wconf 87' lang='lat' dir='ltr'>quodsi</span> <span class='ocrx_word' id='word_1_84' title='bbox 774 1224 837 1291; x_wconf 89' lang='lat' dir='ltr'>quis</span> <span class='ocrx_word' id='word_1_85' title='bbox 855 1239 878 1274; x_wconf 83' lang='lat' dir='ltr'>n</span> 
     </span>
     <span class='ocr_line' id='line_1_15' title="bbox 161 1297 878 1365; baseline 0.001 -16"><span class='ocrx_word' id='word_1_86' title='bbox 161 1297 258 1349; x_wconf 88' lang='lat' dir='ltr'>mallet</span> <span class='ocrx_word' id='word_1_87' title='bbox 271 1311 447 1365; x_wconf 87' lang='lat' dir='ltr'>quemquam,</span> <span class='ocrx_word' id='word_1_88' title='bbox 467 1312 550 1364; x_wconf 88' lang='lat' dir='ltr'>quam</span> <span class='ocrx_word' id='word_1_89' title='bbox 564 1312 713 1363; x_wconf 88' lang='lat' dir='ltr'>exponere,</span> <span class='ocrx_word' id='word_1_90' title='bbox 733 1298 827 1350; x_wconf 87' lang='lat' dir='ltr'>caedis</span> <span class='ocrx_word' id='word_1_91' title='bbox 841 1299 878 1350; x_wconf 87' lang='lat' dir='ltr'>cri</span> 
     </span>
     <span class='ocr_line' id='line_1_16' title="bbox 161 1370 878 1440; baseline 0.001 -17"><span class='ocrx_word' id='word_1_92' title='bbox 161 1372 259 1424; x_wconf 88' lang='lat' dir='ltr'>teneri.</span> <span class='ocrx_word' id='word_1_93' title='bbox 295 1370 425 1422; x_wconf 86' lang='lat' dir='ltr'>Viatores</span> <span class='ocrx_word' id='word_1_94' title='bbox 434 1386 469 1421; x_wconf 94' lang='lat' dir='ltr'>ne</span> <span class='ocrx_word' id='word_1_95' title='bbox 479 1387 528 1439; x_wconf 91' lang='lat' dir='ltr'>per</span> <span class='ocrx_word' id='word_1_96' title='bbox 536 1370 635 1423; x_wconf 86' lang='lat' dir='ltr'>ltaliae</span> <span class='ocrx_word' id='word_1_97' title='bbox 645 1370 760 1440; x_wconf 90' lang='lat' dir='ltr'>oppida,</span> <span class='ocrx_word' id='word_1_98' title='bbox 779 1373 836 1424; x_wconf 89' lang='lat' dir='ltr'>nisi</span> <span class='ocrx_word' id='word_1_99' title='bbox 851 1388 878 1424; x_wconf 81' lang='lat' dir='ltr'>ar</span> 
     </span>
     <span class='ocr_line' id='line_1_17' title="bbox 163 1445 878 1510; baseline 0 -12"><span class='ocrx_word' id='word_1_100' title='bbox 163 1447 253 1510; x_wconf 88' lang='lat' dir='ltr'>dibus,</span> <span class='ocrx_word' id='word_1_101' title='bbox 263 1451 312 1496; x_wconf 89' lang='lat' dir='ltr'>aut</span> <span class='ocrx_word' id='word_1_102' title='bbox 320 1445 398 1508; x_wconf 91' lang='lat' dir='ltr'>sella,</span> <span class='ocrx_word' id='word_1_103' title='bbox 404 1451 453 1496; x_wconf 87' lang='lat' dir='ltr'>aut</span> <span class='ocrx_word' id='word_1_104' title='bbox 461 1445 560 1497; x_wconf 89' lang='lat' dir='ltr'>lectica</span> <span class='ocrx_word' id='word_1_105' title='bbox 568 1447 725 1510; x_wconf 87' lang='lat' dir='ltr'>transirent,</span> <span class='ocrx_word' id='word_1_106' title='bbox 734 1447 844 1498; x_wconf 89' lang='lat' dir='ltr'>monuit</span> <span class='ocrx_word' id='word_1_107' title='bbox 853 1448 878 1499; x_wconf 78' lang='lat' dir='ltr'>ei</span> 
     </span>
     <span class='ocr_line' id='line_1_18' title="bbox 161 1519 878 1587; baseline -0.001 -14"><span class='ocrx_word' id='word_1_108' title='bbox 161 1519 286 1573; x_wconf 88' lang='lat' dir='ltr'>Puteolis</span> <span class='ocrx_word' id='word_1_109' title='bbox 296 1528 325 1571; x_wconf 90' lang='lat' dir='ltr'>et</span> <span class='ocrx_word' id='word_1_110' title='bbox 334 1519 428 1571; x_wconf 86' lang='lat' dir='ltr'>Ostiae</span> <span class='ocrx_word' id='word_1_111' title='bbox 442 1520 566 1587; x_wconf 82' lang='lat' dir='ltr'>singulas</span> <span class='ocrx_word' id='word_1_112' title='bbox 581 1519 707 1572; x_wconf 83' lang='lat' dir='ltr'>cohortes</span> <span class='ocrx_word' id='word_1_113' title='bbox 723 1521 759 1572; x_wconf 91' lang='lat' dir='ltr'>ad</span> <span class='ocrx_word' id='word_1_114' title='bbox 768 1521 878 1572; x_wconf 70' lang='lat' dir='ltr'>arcendi</span> 
     </span>
     <span class='ocr_line' id='line_1_19' title="bbox 162 1594 878 1663; baseline -0.001 -14"><span class='ocrx_word' id='word_1_115' title='bbox 162 1595 322 1649; x_wconf 79' lang='lat' dir='ltr'>cendictum</span> <span class='ocrx_word' id='word_1_116' title='bbox 332 1610 412 1646; x_wconf 88' lang='lat' dir='ltr'>casus</span> <span class='ocrx_word' id='word_1_117' title='bbox 423 1594 579 1646; x_wconf 81' lang='lat' dir='ltr'>collocarit</span> <span class='ocrx_word' id='word_1_118' title='bbox 608 1594 773 1663; x_wconf 87' lang='lat' dir='ltr'>Peregrinae</span> <span class='ocrx_word' id='word_1_119' title='bbox 784 1595 878 1648; x_wconf 79' lang='lat' dir='ltr'>condit</span> 
     </span>
     <span class='ocr_line' id='line_1_20' title="bbox 160 1669 878 1737; baseline 0 -16"><span class='ocrx_word' id='word_1_120' title='bbox 160 1669 286 1723; x_wconf 80' lang='lat' dir='ltr'>homines</span> <span class='ocrx_word' id='word_1_121' title='bbox 295 1670 383 1722; x_wconf 83' lang='lat' dir='ltr'>vetuit</span> <span class='ocrx_word' id='word_1_122' title='bbox 391 1685 525 1737; x_wconf 88' lang='lat' dir='ltr'>usurpare</span> <span class='ocrx_word' id='word_1_123' title='bbox 534 1669 660 1721; x_wconf 86' lang='lat' dir='ltr'>Romana</span> <span class='ocrx_word' id='word_1_124' title='bbox 672 1670 798 1734; x_wconf 90' lang='lat' dir='ltr'>nomina,</span> <span class='ocrx_word' id='word_1_125' title='bbox 818 1669 878 1721; x_wconf 92' lang='lat' dir='ltr'>dun</span> 
     </span>
     <span class='ocr_line' id='line_1_21' title="bbox 160 1744 872 1813; baseline -0.003 -16"><span class='ocrx_word' id='word_1_126' title='bbox 160 1744 312 1813; x_wconf 86' lang='lat' dir='ltr'>gentilicia.</span> <span class='ocrx_word' id='word_1_127' title='bbox 350 1745 496 1796; x_wconf 83' lang='lat' dir='ltr'>Civitatem</span> <span class='ocrx_word' id='word_1_128' title='bbox 506 1744 658 1796; x_wconf 80' lang='lat' dir='ltr'>Romanam</span> <span class='ocrx_word' id='word_1_129' title='bbox 667 1750 831 1811; x_wconf 79' lang='lat' dir='ltr'>usurpantes</span> <span class='ocrx_word' id='word_1_130' title='bbox 841 1745 872 1795; x_wconf 93' lang='lat' dir='ltr'>in</span> 
     </span>
     <span class='ocr_line' id='line_1_22' title="bbox 160 1817 878 1889; baseline 0 -18"><span class='ocrx_word' id='word_1_131' title='bbox 160 1836 199 1889; x_wconf 92' lang='lat' dir='ltr'>po</span> <span class='ocrx_word' id='word_1_132' title='bbox 209 1819 354 1887; x_wconf 82' lang='lat' dir='ltr'>Esquilino</span> <span class='ocrx_word' id='word_1_133' title='bbox 365 1820 457 1870; x_wconf 89' lang='lat' dir='ltr'>securi</span> <span class='ocrx_word' id='word_1_134' title='bbox 469 1819 611 1888; x_wconf 87' lang='lat' dir='ltr'>percussit.</span> <span class='ocrx_word' id='word_1_135' title='bbox 649 1818 811 1871; x_wconf 78' lang='lat' dir='ltr'>Ptorincias</span> <span class='ocrx_word' id='word_1_136' title='bbox 820 1817 878 1871; x_wconf 79' lang='lat' dir='ltr'>Ach</span> 
     </span>
     <span class='ocr_line' id='line_1_23' title="bbox 162 1893 878 1962; baseline 0 -16"><span class='ocrx_word' id='word_1_137' title='bbox 162 1901 191 1946; x_wconf 88' lang='lat' dir='ltr'>et</span> <span class='ocrx_word' id='word_1_138' title='bbox 199 1894 401 1959; x_wconf 86' lang='lat' dir='ltr'>Macedoniam,</span> <span class='ocrx_word' id='word_1_139' title='bbox 412 1909 481 1962; x_wconf 88' lang='lat' dir='ltr'>quas</span> <span class='ocrx_word' id='word_1_140' title='bbox 490 1893 618 1944; x_wconf 86' lang='lat' dir='ltr'>Tiberius</span> <span class='ocrx_word' id='word_1_141' title='bbox 628 1893 664 1943; x_wconf 91' lang='lat' dir='ltr'>ad</span> <span class='ocrx_word' id='word_1_142' title='bbox 673 1909 766 1944; x_wconf 87' lang='lat' dir='ltr'>curam</span> <span class='ocrx_word' id='word_1_143' title='bbox 776 1909 856 1944; x_wconf 89' lang='lat' dir='ltr'>suam</span> <span class='ocrx_word' id='word_1_144' title='bbox 865 1899 878 1946; x_wconf 85' lang='lat' dir='ltr'>t</span> 
     </span>
     <span class='ocr_line' id='line_1_24' title="bbox 160 1965 872 2033; baseline -0.001 -13"><span class='ocrx_word' id='word_1_145' title='bbox 160 1968 272 2032; x_wconf 87' lang='lat' dir='ltr'>tulerat,</span> <span class='ocrx_word' id='word_1_146' title='bbox 283 1969 392 2019; x_wconf 91' lang='lat' dir='ltr'>senatui</span> <span class='ocrx_word' id='word_1_147' title='bbox 400 1967 530 2020; x_wconf 84' lang='lat' dir='ltr'>reddidit</span> <span class='ocrx_word' id='word_1_148' title='bbox 558 1965 656 2033; x_wconf 86' lang='lat' dir='ltr'>Lyciis</span> <span class='ocrx_word' id='word_1_149' title='bbox 666 1969 702 2019; x_wconf 84' lang='lat' dir='ltr'>ob</span> <span class='ocrx_word' id='word_1_150' title='bbox 713 1968 872 2020; x_wconf 78' lang='lat' dir='ltr'>exitiabiles</span> 
     </span>
     <span class='ocr_line' id='line_1_25' title="bbox 162 2040 876 2111; baseline -0.001 -17"><span class='ocrx_word' id='word_1_151' title='bbox 162 2058 192 2094; x_wconf 86' lang='lat' dir='ltr'>se</span> <span class='ocrx_word' id='word_1_152' title='bbox 203 2042 357 2094; x_wconf 92' lang='lat' dir='ltr'>discordias</span> <span class='ocrx_word' id='word_1_153' title='bbox 370 2042 525 2093; x_wconf 88' lang='lat' dir='ltr'>libertatem</span> <span class='ocrx_word' id='word_1_154' title='bbox 540 2040 656 2103; x_wconf 87' lang='lat' dir='ltr'>ademit;</span> <span class='ocrx_word' id='word_1_155' title='bbox 674 2040 791 2093; x_wconf 85' lang='lat' dir='ltr'>Rhodiis</span> <span class='ocrx_word' id='word_1_156' title='bbox 806 2042 844 2094; x_wconf 89' lang='lat' dir='ltr'>ob</span> <span class='ocrx_word' id='word_1_157' title='bbox 857 2059 876 2111; x_wconf 90' lang='lat' dir='ltr'>p</span> 
     </span>
     <span class='ocr_line' id='line_1_26' title="bbox 160 2116 878 2169; baseline -0.001 0"><span class='ocrx_word' id='word_1_158' title='bbox 160 2116 276 2169; x_wconf 88' lang='lat' dir='ltr'>tentiam</span> <span class='ocrx_word' id='word_1_159' title='bbox 303 2122 424 2168; x_wconf 86' lang='lat' dir='ltr'>veterum</span> <span class='ocrx_word' id='word_1_160' title='bbox 449 2117 611 2168; x_wconf 83' lang='lat' dir='ltr'>delictorum</span> <span class='ocrx_word' id='word_1_161' title='bbox 629 2116 759 2168; x_wconf 87' lang='lat' dir='ltr'>reddidit.</span> <span class='ocrx_word' id='word_1_162' title='bbox 796 2116 878 2168; x_wconf 89' lang='lat' dir='ltr'>llieus</span> 
     </span>
     <span class='ocr_line' id='line_1_27' title="bbox 162 2190 878 2261; baseline -0.003 -18"><span class='ocrx_word' id='word_1_163' title='bbox 162 2190 243 2261; x_wconf 79' lang='lat' dir='ltr'>qussi</span> <span class='ocrx_word' id='word_1_164' title='bbox 251 2190 393 2242; x_wconf 83' lang='lat' dir='ltr'>Romanae</span> <span class='ocrx_word' id='word_1_165' title='bbox 402 2191 491 2258; x_wconf 89' lang='lat' dir='ltr'>gentis</span> <span class='ocrx_word' id='word_1_166' title='bbox 501 2191 674 2255; x_wconf 88' lang='lat' dir='ltr'>auctoribus,</span> <span class='ocrx_word' id='word_1_167' title='bbox 693 2191 799 2242; x_wconf 90' lang='lat' dir='ltr'>tributa</span> <span class='ocrx_word' id='word_1_168' title='bbox 812 2191 843 2241; x_wconf 92' lang='lat' dir='ltr'>in</span> <span class='ocrx_word' id='word_1_169' title='bbox 857 2207 878 2258; x_wconf 91' lang='lat' dir='ltr'>p</span> 
     </span>
    </p>
   </div>
   <div class='ocr_carea' id='block_1_3' title="bbox 159 2264 878 2630">
    <p class='ocr_par' dir='ltr' id='par_1_3' title="bbox 159 2264 878 2630">
     <span class='ocr_line' id='line_1_28' title="bbox 160 2264 878 2333; baseline -0.001 -15"><span class='ocrx_word' id='word_1_170' title='bbox 160 2273 238 2318; x_wconf 88' lang='lat' dir='ltr'>tuum</span> <span class='ocrx_word' id='word_1_171' title='bbox 247 2266 362 2329; x_wconf 86' lang='lat' dir='ltr'>remisit,</span> <span class='ocrx_word' id='word_1_172' title='bbox 372 2267 489 2317; x_wconf 88' lang='lat' dir='ltr'>recitata</span> <span class='ocrx_word' id='word_1_173' title='bbox 497 2271 588 2316; x_wconf 83' lang='lat' dir='ltr'>vetere</span> <span class='ocrx_word' id='word_1_174' title='bbox 598 2265 717 2333; x_wconf 90' lang='lat' dir='ltr'>epistola</span> <span class='ocrx_word' id='word_1_175' title='bbox 722 2264 830 2316; x_wconf 85' lang='lat' dir='ltr'>Graeca</span> <span class='ocrx_word' id='word_1_176' title='bbox 838 2278 878 2317; x_wconf 83' lang='lat' dir='ltr'>ser</span> 
     </span>
     <span class='ocr_line' id='line_1_29' title="bbox 159 2338 878 2411; baseline -0.003 -18"><span class='ocrx_word' id='word_1_177' title='bbox 159 2339 312 2411; x_wconf 85' lang='lat' dir='ltr'>populique</span> <span class='ocrx_word' id='word_1_178' title='bbox 321 2339 451 2403; x_wconf 85' lang='lat' dir='ltr'>Romani,</span> <span class='ocrx_word' id='word_1_179' title='bbox 472 2338 587 2391; x_wconf 85' lang='lat' dir='ltr'>Seleuco</span> <span class='ocrx_word' id='word_1_180' title='bbox 596 2341 657 2408; x_wconf 88' lang='lat' dir='ltr'>regi</span> <span class='ocrx_word' id='word_1_181' title='bbox 666 2339 816 2390; x_wconf 80' lang='lat' dir='ltr'>amicitiam</span> <span class='ocrx_word' id='word_1_182' title='bbox 826 2345 878 2391; x_wconf 87' lang='lat' dir='ltr'>ets</span> 
     </span>
     <span class='ocr_line' id='line_1_30' title="bbox 160 2413 871 2481; baseline -0.004 -13"><span class='ocrx_word' id='word_1_183' title='bbox 160 2421 246 2469; x_wconf 83' lang='lat' dir='ltr'>tatem</span> <span class='ocrx_word' id='word_1_184' title='bbox 255 2415 296 2466; x_wconf 90' lang='lat' dir='ltr'>ita</span> <span class='ocrx_word' id='word_1_185' title='bbox 306 2414 413 2466; x_wconf 89' lang='lat' dir='ltr'>demum</span> <span class='ocrx_word' id='word_1_186' title='bbox 423 2413 591 2481; x_wconf 86' lang='lat' dir='ltr'>pollicentis</span> <span class='ocrx_word' id='word_1_187' title='bbox 611 2415 637 2464; x_wconf 91' lang='lat' dir='ltr'>si</span> <span class='ocrx_word' id='word_1_188' title='bbox 651 2413 871 2480; x_wconf 89' lang='lat' dir='ltr'>consanguineos</span> 
     </span>
     <span class='ocr_line' id='line_1_31' title="bbox 159 2487 871 2555; baseline 0.001 -16"><span class='ocrx_word' id='word_1_189' title='bbox 159 2488 274 2542; x_wconf 84' lang='lat' dir='ltr'>Ilienses</span> <span class='ocrx_word' id='word_1_190' title='bbox 289 2489 324 2540; x_wconf 85' lang='lat' dir='ltr'>ab</span> <span class='ocrx_word' id='word_1_191' title='bbox 338 2489 414 2540; x_wconf 87' lang='lat' dir='ltr'>omni</span> <span class='ocrx_word' id='word_1_192' title='bbox 428 2503 510 2539; x_wconf 89' lang='lat' dir='ltr'>onere</span> <span class='ocrx_word' id='word_1_193' title='bbox 526 2487 660 2540; x_wconf 87' lang='lat' dir='ltr'>immunes</span> <span class='ocrx_word' id='word_1_194' title='bbox 679 2488 871 2555; x_wconf 82' lang='lat' dir='ltr'>praestitisset.</span> 
     </span>
     <span class='ocr_line' id='line_1_32' title="bbox 162 2560 873 2630; baseline 0.001 -17"><span class='ocrx_word' id='word_1_195' title='bbox 162 2563 248 2616; x_wconf 89' lang='lat' dir='ltr'>daeos</span> <span class='ocrx_word' id='word_1_196' title='bbox 251 2563 420 2630; x_wconf 88' lang='lat' dir='ltr'>im,pulsore</span> <span class='ocrx_word' id='word_1_197' title='bbox 430 2560 545 2613; x_wconf 84' lang='lat' dir='ltr'>Chresto</span> <span class='ocrx_word' id='word_1_198' title='bbox 557 2563 667 2616; x_wconf 71' lang='lat' dir='ltr'>msrdue</span> <span class='ocrx_word' id='word_1_199' title='bbox 675 2562 873 2615; x_wconf 76' lang='lat' dir='ltr'>tumultuantes</span> 
     </span>
    </p>
   </div>
   <div class='ocr_carea' id='block_1_4' title="bbox 70 2620 878 2886">
    <p class='ocr_par' dir='ltr' id='par_1_4' title="bbox 70 2620 878 2886">
     <span class='ocr_line' id='line_1_33' title="bbox 160 2620 878 2707; baseline 0.003 -19"><span class='ocrx_word' id='word_1_200' title='bbox 160 2650 208 2688; x_wconf 80' lang='lat' dir='ltr'>ma</span> <span class='ocrx_word' id='word_1_201' title='bbox 221 2637 335 2706; x_wconf 79' lang='lat' dir='ltr'>expulit</span> <span class='ocrx_word' id='word_1_202' title='bbox 374 2636 574 2689; x_wconf 84' lang='lat' dir='ltr'>Germanorum</span> <span class='ocrx_word' id='word_1_203' title='bbox 587 2638 686 2707; x_wconf 84' lang='lat' dir='ltr'>legatis</span> <span class='ocrx_word' id='word_1_204' title='bbox 699 2639 729 2690; x_wconf 92' lang='lat' dir='ltr'>in</span> <span class='ocrx_word' id='word_1_205' title='bbox 748 2620 878 2689; x_wconf 67' lang='lat' dir='ltr'>orcham</span> 
     </span>
     <span class='ocr_line' id='line_1_34' title="bbox 70 2664 876 2886; baseline -0.005 -119"><span class='ocrx_word' id='word_1_206' title='bbox 70 2650 371 2886; x_wconf 53' lang='grc' dir='ltr'>Ὑψαιιιίιίι,</span> <span class='ocrx_word' id='word_1_207' title='bbox 393 2711 570 2784; x_wconf 79' lang='lat' dir='ltr'>simplicitate</span> <span class='ocrx_word' id='word_1_208' title='bbox 582 2728 677 2767; x_wconf 82' lang='lat' dir='ltr'>eorum</span> <span class='ocrx_word' id='word_1_209' title='bbox 692 2711 836 2767; x_wconf 64' lang='lat' dir='ltr'>milacis</span> <span class='ocrx_word' id='word_1_210' title='bbox 848 2726 876 2763; x_wconf 86' lang='lat' dir='ltr'>m</span> 
     </span>
    </p>
   </div>
   <div class='ocr_carea' id='block_1_5' title="bbox 0 0 942 3060">
    <p class='ocr_par' dir='ltr' id='par_1_5' title="bbox 0 0 942 3060">
     <span class='ocr_line' id='line_1_35' title="bbox 0 0 942 3060; baseline 0 0"><span class='ocrx_word' id='word_1_211' title='bbox 0 0 942 3060; x_wconf 95' lang='lat' dir='ltr'> </span> 
     </span>
    </p>
   </div>
  </div>
 </body>
</html>
