1874 3060
80 166 132 218 12⁰
360 168 387 212 G.
412 165 601 215 sunnonis

80 300 149 342 natu
158 290 348 358 conquerenti,
369 290 476 342 veniam
492 288 577 341 dedit.
616 287 690 349 Quin
700 292 741 351 et,
756 302 799 354 per

80 367 140 417 cius
158 365 351 428 retinentibus,
377 364 439 416 ribo
463 379 513 431 per
537 361 714 431 quatriduum
733 362 799 413 abst

79 438 288 491 Facta'tandem
299 437 420 491 abeundi
428 442 575 506 potestate,
581 435 797 489 relictisllomae

78 529 109 565 re
119 520 148 565 et
155 512 225 577 nuo,
236 511 381 565 confestim
393 512 501 563 Ostiam
511 510 664 574 descendit,
674 526 709 561 ne
719 511 799 562 verbe

79 586 140 639 dem
151 587 280 654 unquam
289 586 515 654 prosequentium
524 584 646 649 reddito,
662 599 769 652 paucos
779 600 798 637 a

78 661 142 713 (lum
150 661 181 712 in
192 661 318 728 &gressu
327 660 512 713 exosculatus.

132 734 182 786 Xl.
200 735 242 787 ab
254 734 333 786 Ostia
343 750 421 788 oram
433 733 601 802 Campaniae
610 732 717 800 legens,
728 732 799 787 imbc

75 815 134 861 tato
142 809 260 876 Augusti
268 810 409 874 nuntiata,
419 809 544 876 paullum
552 808 686 859 substitit.
721 806 777 859 Sed
786 809 799 859 i

75 884 217 935 brascente
226 898 351 948 rumore,
362 884 445 953 quasi
454 882 491 935 ad
501 882 676 935 occasionem
685 881 799 935 maioris

76 963 306 1023 commoraretur,
325 963 432 1010 tannim
446 972 503 1009 nun
522 957 645 1008 adversis
662 962 799 1024 tempesta

74 1029 203 1084 Rhodum
216 1033 385 1099 enavigavit,
406 1031 573 1084 amoenitate
588 1036 615 1083 et
624 1030 789 1083 salubritate

74 1105 119 1158 lae
132 1105 189 1156 iam
202 1106 268 1158 inde
282 1112 391 1174 captus,
412 1121 496 1173 quum
510 1105 547 1156 ad
561 1120 621 1157 eam
637 1105 672 1157 ab
685 1105 798 1158 Arinem

74 1179 153 1232 diens
171 1180 332 1249 appulisset.
369 1180 425 1232 liic
443 1179 561 1231 modicis
581 1185 725 1231 contentus
746 1180 798 1233 aed

72 1269 125 1306 nec
133 1253 221 1306 multo
231 1254 340 1308 laxiore
349 1254 522 1318 suburbano,
542 1269 629 1321 genus
641 1254 716 1306 vitae
731 1255 799 1321 civil

72 1327 184 1379 modum
200 1328 333 1393 instituit,
352 1329 412 1382 sine
426 1329 525 1381 lictore
540 1334 589 1381 aut
601 1328 709 1380 viatore
721 1344 799 1396 gymr

72 1401 211 1454 interdum
221 1403 412 1468 obambulans,
422 1408 572 1470 mutuaque
583 1418 644 1454 eum
656 1401 799 1456 Graeculis

74 1476 119 1527 oia
133 1492 269 1544 usurpans
283 1493 370 1546 prope
385 1492 419 1530 ex
439 1492 539 1546 aequo.
576 1477 661 1529 Forte
680 1478 799 1545 quondan

74 1550 246 1619 disponendo
262 1552 308 1605 die
321 1568 402 1605 mane
415 1552 604 1620 praedixerat,
626 1552 759 1618 quicquid
774 1567 799 1605 av

72 1640 134 1677 rum
143 1626 174 1677 in
184 1626 296 1679 civitate
306 1634 391 1693 esset,
401 1628 516 1679 visitare
525 1641 555 1678 se
564 1625 647 1677 velles
667 1625 697 1676 id
708 1641 725 1676 a
735 1642 799 1694 proi

74 1700 157 1753 aliter
165 1706 322 1768 exceptum
334 1702 465 1769 iussique
475 1706 539 1752 sunt
549 1715 643 1753 omnes
655 1702 732 1767 aegri
740 1702 798 1770 inp

73 1789 135 1826 cam
147 1775 286 1843 porticum
306 1774 420 1838 deterri,
441 1790 474 1826 ac
493 1790 543 1842 per
561 1774 750 1827 valetudinum
770 1791 799 1844 ge

73 1848 193 1916 disponi.
231 1847 378 1900 Perculsus
388 1864 454 1917 ergo
464 1849 610 1917 inopinata
620 1865 658 1914 re,
669 1850 719 1901 din
729 1851 797 1918 quid

72 1928 115 1974 ret
123 1922 253 1986 incertus,
264 1928 356 1975 tamen
366 1924 491 1991 singulos
502 1924 609 1989 cirmut,
621 1939 755 1977 exarmans
766 1925 799 1978 ia

72 1997 157 2048 etiam
170 1997 333 2050 tenuissimo
350 1998 448 2066 cuique
462 2004 490 2050 et
498 1999 606 2066 ignoto.
645 1999 735 2051 Unum
746 1998 799 2052 lroc

71 2071 228 2136 tummodo,
247 2087 337 2140 neque
345 2073 660 2141 praetereaquicquam,
680 2081 799 2127 notatum

71 2146 102 2196 in
112 2159 167 2213 quo
178 2147 333 2199 exercuisse
343 2148 388 2199 ius
401 2148 568 2200 tribuniciae
578 2149 725 2214 potestatis
735 2150 799 2201 visu

73 2219 164 2281 Quum
175 2221 250 2273 cisoa
259 2219 370 2274 scholas
380 2229 408 2274 et
418 2221 799 2289 auditoriaproiessorumass

72 2300 157 2360 esset,
171 2301 249 2348 moto
258 2296 331 2349 inter
341 2295 540 2364 antisophistas
550 2298 678 2363 graviore
692 2298 786 2365 iurgio
790 2336 799 2362 ,

72 2368 168 2435 defuit,
179 2371 228 2438 qui
238 2386 300 2422 enm
309 2371 534 2424 intervenientem
544 2377 572 2423 et
582 2372 663 2439 quasi
672 2373 799 2425 studiosis

71 2445 160 2510 partis
175 2444 289 2496 alterins
309 2446 434 2498 convicio
453 2447 610 2497 incesseret.
650 2445 758 2498 Sensim
775 2448 799 2499 it

71 2532 213 2584 regressus
223 2517 460 2588 domunr,repente
472 2536 532 2572 cum
541 2520 799 2590 apparitoribusprv

72 2592 241 2661 citatumque
254 2608 307 2661 pro
320 2594 456 2647 tribunali
464 2598 533 2647 voce
542 2595 690 2662 praeconis
699 2597 799 2648 convlc

64 2680 126 2717 rein
139 2666 204 2737 rapi
217 2669 301 2721 iussit
313 2667 344 2720 ln
358 2674 513 2722 carcerem.'
544 2668 686 2739 Comperit
700 2669 799 2739 deinde
