1822 3068
181 195 434 245 ΟΟΤΛῊΛΝΠΒ.
469 195 546 249 CAR.
564 197 678 244 ‘ts-ts.
793 193 827 247 93

60 337 82 375 re
102 320 294 389 frequentavit
306 320 457 384 maritime,
476 316 636 386 insulasque
650 319 825 386 campaniae,

60 396 224 465 stproxiusa
232 394 301 447 Urbi
311 394 426 463 oppida,
436 392 601 457 Lanuvium,
611 392 766 458 Praeneste,
777 395 825 445 Ti-

60 486 97 534 sr3
119 470 172 521 ubi
192 469 275 521 etium
294 469 325 519 in
343 469 496 536 porticibus
508 467 638 519 Herodis
657 467 753 534 templi
765 484 824 536 per-

60 560 114 613 sepe
122 545 169 596 ius
179 544 261 595 dixit.
297 543 396 610 Ampio
409 549 438 595 et
451 557 569 610 operosa
578 541 719 609 praetoria
727 556 824 609 grava-

60 625 124 671 stur.
161 618 200 670 Et
207 618 299 685 neptis
308 618 418 686 quidem
429 632 495 669 strae
504 617 604 681 Iuliae,
618 615 730 684 profuse
746 615 781 666 ab
792 631 826 667 ea

60 698 181 757 :structu
191 693 276 744 etium
286 692 372 743 diruit
382 691 418 742 ud
428 692 530 743 solum:
550 706 689 754 suavem,
700 691 824 759 quamvis

60 767 155 832 udins,
174 782 233 820 nou
241 773 299 817 tam
309 772 462 817 statuorum
471 765 681 833 tabularumque
688 765 825 832 picturum

60 847 142 906 nuta
154 856 238 910 queso
246 842 336 908 xystis
346 847 374 893 et
383 841 541 891 nemoribus
551 840 680 904 excoluit,
689 841 824 907 rebusque

60 920 168 971 &state
178 916 337 967 actoritate
345 914 527 977 notabilibus3
539 914 632 982 qualia
642 920 705 966 sunt
710 914 824 983 Capreis

60 991 191 1041 manium
205 990 349 1041 beluarum
362 988 536 1056 ferarumque
544 989 667 1040 membra
675 1004 822 1057 praegran-

60 1061 95 1129 bs,
103 1080 170 1131 quae
179 1064 307 1115 dimmtur
319 1062 465 1132 Gigantum
476 1079 542 1126 ossa,
554 1069 581 1115 et
590 1078 667 1116 anna
675 1062 802 1115 Hnoum.

94 1136 214 1191 lxxiii.
233 1138 410 1191 lustrumeuti
423 1138 482 1189 eius
501 1143 528 1190 et
540 1138 719 1205 supellectilis
733 1138 822 1205 persi-

60 1210 152 1265 duouia
171 1219 286 1280 apparet
305 1213 389 1265 etiam
407 1228 490 1276 nunc,
511 1213 628 1263 residuis
648 1211 725 1263 lectis
740 1217 822 1280 atque

60 1288 266 1357 musquetum
276 1286 821 1355 pleraquevixprivataeelegautieesint.

60 1358 147 1415 detero
158 1363 269 1431 quidem
279 1363 405 1414 cubuisse
416 1363 502 1426 sirint,
507 1362 562 1413 nisi
571 1359 668 1413 humili
678 1367 706 1413 et
714 1361 824 1412 modice

60 1436 159 1489 buseo.
198 1436 283 1489 Veste
301 1452 358 1488 uon
377 1444 478 1488 temere
499 1436 557 1486 alie
575 1450 657 1502 quam
673 1435 825 1488 domestica

60 1523 104 1560 usus
112 1517 162 1576 est,
177 1512 214 1563 ab
222 1526 312 1564 uxore
321 1519 349 1564 et
357 1526 454 1563 sorore
464 1516 493 1561 et
501 1509 561 1561 lilia
569 1509 750 1576 neptibusque
761 1524 824 1562 con·

60 1579 120 1648 festu
141 1587 218 1654 togis
225 1600 315 1653 neque
328 1585 462 1639 restrictis
476 1598 564 1653 neque
579 1581 663 1644 fusis3
682 1583 760 1634 clavo
774 1598 825 1634 nec

60 1653 152 1713 btouec
164 1666 297 1728 august03
323 1659 514 1712 calceamentis
530 1655 697 1720 altiusculis,
716 1661 749 1706 ut
761 1671 826 1723 pro-

60 1732 136 1798 uder,
150 1750 232 1802 quam
244 1741 316 1800 erat,
330 1736 477 1787 videretur.
515 1731 552 1784 Et
565 1730 687 1783 forensia
697 1735 788 1781 autem
798 1735 826 1781 et

60 1804 143 1861 usos
151 1825 290 1876 uunquam
300 1824 357 1861 non
366 1810 440 1861 intra
450 1805 605 1860 cubiculum
615 1803 723 1869 habuit,
735 1803 772 1855 ad
781 1820 825 1856 su-

60 1877 111 1933 tia·
118 1884 328 1951 repentinosque
340 1899 418 1935 cesus
429 1888 535 1951 parata.

96 1954 215 2011 bxxlv.
237 1959 442 2011 Conuiuabatur
451 1957 759 2025 assidue,uecunquam
769 1955 826 2007 nisi

60 2036 125 2096 btta3
141 2048 198 2085 uon
212 2033 274 2085 sine
287 2048 387 2100 magno
403 2032 531 2085 ordinum
544 2030 738 2099 hominumque
753 2030 825 2083 dele·

60 2107 96 2157 Μ
127 2106 256 2160 Valerios
265 2107 388 2159 Messala
401 2107 498 2171 uadit,
517 2107 651 2159 nerninem
660 2121 781 2175 uuquam
791 2106 824 2156 li·

60 2173 202 2234 btnomm
214 2181 368 2234 adhibitum
379 2183 458 2233 abeo
473 2197 587 2246 coenae,
607 2187 721 2249 excepto
732 2180 824 2243 Mena,

60 2252 91 2305 bd
99 2263 198 2309 asserto
209 2258 240 2308 iu
248 2258 524 2324 ingenuitatem,post
532 2256 672 2324 proditam
677 2255 739 2307 Sex.
745 2253 826 2305 Pom-

60 2327 225 2388 leicbnem.
264 2331 326 2399 lpse
336 2332 444 2395 scribit,
463 2329 587 2383 invitasse
600 2347 627 2383 se
638 2328 778 2397 quendum,
798 2326 827 2377 in
899 2351 904 2360 ·

60 2400 112 2455 ΜΒ
122 2406 182 2459 oilla
195 2416 328 2469 maneret,
350 2405 397 2472 qui
408 2407 554 2472 speculator
568 2420 629 2456 sess
648 2402 709 2454 olim
716 2399 824 2470 fieisset.

60 2470 167 2533 &duvia
175 2496 373 2551 nonnunquam
387 2488 415 2532 et
428 2481 516 2533 serius
522 2481 630 2542 inibat,
651 2484 679 2529 et
692 2474 827 2526 maturius

60 2548 218 2624 biuqoebac
243 2573 327 2625 quum
341 2555 472 2609 convivae
486 2561 514 2607 et
531 2568 648 2606 coenare
666 2549 826 2616 inciperent,

60 2624 191 2698 Priusquam
200 2632 252 2684 ille
262 2632 453 2694 discumberet,
463 2635 491 2681 et
500 2632 697 2697 permanerent,
703 2624 826 2690 digresso

60 2708 88 2749 ²⁰·
119 2706 239 2765 cocum
247 2706 335 2761 tarnis
344 2703 471 2770 ferculis,
485 2709 546 2768 sut,
557 2716 641 2769 quum
651 2698 827 2753 abundantis-
