1822 3068
99 113 131 169 56
376 120 402 165 G.
427 117 615 167 sunron'tt

98 243 186 306 facta,
206 240 349 309 flagitante
358 240 476 309 populo,
498 241 534 292 ob
544 238 708 293 interclusos
723 245 883 293 commeatus

98 317 253 385 famemque
265 317 512 383 ingravescentem
532 315 632 379 donec,
651 315 768 366 naribus
778 329 812 365 ax
821 314 882 367 ints·

98 406 148 458 gro
163 389 306 441 fabricatis
326 405 359 441 ac
377 389 476 456 viginti
495 404 635 441 servorum
655 389 778 441 millibus
796 402 882 441 mann·

97 465 189 517 missis
200 469 227 516 et
237 463 273 516 ad
282 480 385 516 remum
397 463 478 528 datis,
489 470 598 531 portum
606 463 706 515 lulium
717 462 879 531 npudBniss,

97 540 221 591 immisso
231 539 262 590 in
270 536 420 589 Lucrinum
431 543 458 590 et
467 539 601 590 Avernum
615 538 705 589 lacum
719 536 804 602 nram,
824 534 880 589 effe·

99 614 145 666 eit.
183 613 215 665 In
235 627 290 681 quo
311 626 392 681 quum
413 610 502 663 hieme
521 618 582 663 tota
602 613 698 679 copias
712 612 879 675 exercuisset,

97 687 259 755 Pompeium
268 686 341 738 inter
350 686 443 754 Mylas
454 692 481 737 et
490 684 663 747 Naulochum
673 685 825 753 superarit3
835 684 879 737 snb

97 759 313 829 horam'pugnae
322 766 380 811 tam
391 765 452 812 arto
463 765 573 828 repente
583 775 680 811 somno
691 759 845 823 devinctus,
852 762 880 809 ut

98 836 134 886 ad
154 834 273 886 dandum
294 834 401 903 signum
422 835 457 886 ab
478 835 574 885 amicis
598 835 773 885 excitaretur.
811 831 879 885 Urbs

98 909 251 978 praebitam
261 909 380 961 Antonio
391 909 534 961 materiam
544 914 636 978 putem
646 907 845 976 exprobrandi,
853 920 880 959 ss

97 982 177 1035 rectis
192 982 295 1050 quidem
308 982 389 1036 oeulis
403 999 460 1034 enm
475 981 590 1049 aspicere
600 981 717 1049 potuisse
730 980 880 1039 inensem

98 1057 195 1120 acs'esn,
213 1073 302 1109 serens
316 1057 448 1125 supinum,
469 1058 567 1108 coetum
580 1056 737 1120 intuentem,
758 1054 880 1124 stupida

98 1131 229 1195 cubuisse,
250 1148 297 1184 nec
306 1131 383 1199 psius
396 1130 540 1183 surrexisse
553 1148 585 1184 nc
599 1130 724 1182 militibus
736 1130 767 1183 s'ss
785 1143 879 1197 enm

98 1216 169 1259 ctum
182 1205 294 1268 senine,
315 1221 393 1273 quens
408 1222 425 1257 a
436 1203 475 1256 M.
487 1205 608 1276 Agrippa
615 1205 735 1276 fugatae
749 1204 803 1257 ss'sst
813 1216 880 1257 m

98 1279 220 1331 nostium.
258 1279 315 1330 Alii
334 1280 436 1331 dictum
455 1279 612 1348 factumque
627 1281 686 1331 eius
701 1280 880 1341 criminantur,

98 1354 179 1422 quasi
202 1353 336 1406 classibus
360 1360 520 1423 tempestate
547 1354 662 1423 perditis
686 1352 881 1415 exclamaverit,

99 1428 178 1480 etiam
192 1426 274 1480 s'nos'to
284 1426 406 1496 Neptuno
419 1428 557 1481 os'ctors'mn
571 1446 598 1480 se
612 1428 781 1495 adepturum,
800 1426 882 1481 actis

100 1503 267 1554 Circensium
286 1504 413 1571 proximo
434 1504 560 1556 sollemni
580 1518 696 1570 pompae
712 1503 881 1555 simulacre·

98 1578 144 1628 dci
154 1577 311 1629 detraxerit.
339 1577 398 1630 Nec
406 1583 507 1630 temere
517 1577 597 1646 plura
607 1592 640 1628 ac
649 1577 758 1629 maiora
767 1574 883 1646 pericols

97 1651 155 1703 ullo
168 1651 224 1704 alio
234 1651 308 1703 bello
319 1651 397 1703 adlit.
436 1653 565 1703 Treiecto
580 1652 609 1701 in
620 1650 744 1703 Siciliam
759 1651 883 1711 exercitu,

100 1742 181 1794 quum
196 1731 301 1795 partem
316 1725 450 1793 reliquam
465 1726 606 1793 copiarum
622 1726 776 1777 continenti
787 1730 883 1795 repete·

98 1806 152 1862 ret,
169 1814 315 1867 oppressus
325 1812 358 1849 ex
368 1799 519 1866 Improviso
531 1815 548 1849 a
558 1797 731 1851 Demochare
741 1805 770 1852 et
778 1798 883 1869 Apollo·

99 1870 201 1940 phane,
220 1871 367 1941 praefectis
378 1871 516 1940 Pompeii,
536 1889 591 1925 uno
603 1873 710 1925 demum
721 1875 835 1943 navigio
845 1886 883 1923 se·

98 1947 216 2013 gerrime
226 1945 331 2013 effugit.
369 1946 479 2010 Iterum,
491 1963 572 2016 quum
584 1954 692 2014 praeter
701 1947 811 2000 Locros
821 1944 883 1999 nte-

98 2021 172 2088 gium
184 2020 299 2088 pedibus
309 2020 374 2086 iret,
386 2028 413 2073 et
422 2022 576 2090 prospectis
585 2021 736 2074 biremibus
746 2020 883 2092 Pompeis·

97 2096 141 2145 uis
155 2100 256 2146 terram
271 2095 436 2162 legentibus,
457 2112 521 2147 suas
540 2102 628 2160 ratus,
650 2095 836 2149 descendisset
853 2092 884 2145 si

99 2168 178 2233 litus,
197 2184 284 2237 paene
303 2177 432 2239 exceptus
452 2176 502 2222 est.
541 2172 620 2222 'l'rmc
633 2171 716 2222 etiam
731 2187 781 2238 per
796 2170 883 2222 devios

98 2244 224 2295 tramites
236 2242 413 2311 refugientem
427 2261 521 2297 servus
535 2245 645 2297 Aemilii
655 2245 760 2309 Pauili,
782 2242 884 2297 comte

99 2320 171 2383 eius,
192 2318 288 2370 dolens
306 2320 489 2388 proscriptum
508 2321 574 2371 oiim
589 2321 625 2371 ab
639 2335 672 2372 eo
687 2324 794 2387 patrem
808 2316 883 2369 Paui-

99 2393 168 2456 lum,
189 2398 217 2444 et
231 2393 311 2461 qrrasi
325 2394 470 2446 occasione
483 2394 598 2446 ultionis
609 2393 717 2458 oblata,
737 2394 883 2446 interficere

100 2473 216 2518 conatus
226 2472 276 2519 est.
314 2466 383 2519 Pct
391 2467 518 2538 Pompeii
530 2469 623 2536 fugam
639 2467 808 2536 collegarum
823 2466 882 2518 atte-

99 2555 172 2603 rum,
186 2541 226 2593 M.
237 2541 385 2609 Lepidum,
407 2559 486 2611 quem
497 2558 529 2594 ex
540 2542 634 2594 Africa
642 2542 672 2594 in
683 2544 816 2594 auxilium
826 2554 881 2593 evo·

100 2620 189 2679 caret,
210 2616 408 2685 superbientem
418 2617 517 2685 viginti
531 2616 669 2685 legionum
683 2618 799 2683 ticinus,
818 2628 881 2668 sum·
