1822 3068
208 192 243 242 82
488 194 516 239 G.
537 189 723 239 SUETONU

210 315 368 369 sedentibus
378 314 494 383 singuiis
503 315 565 367 salo
575 314 693 368 dicebat.
728 313 828 365 Officio
837 329 900 367 ιιιιιιι

208 397 304 443 mutuo
319 390 454 443 oxmcuit:
472 405 524 441 neo
536 389 615 457 prins
628 389 688 441 dies
707 388 839 457 cuiusque
856 404 890 441 so

207 464 382 533 frequentare
401 464 497 528 desiit,
518 478 600 530 quam
613 462 746 532 grandior
758 463 816 515 iam
829 468 900 515 naus

205 539 289 591 turba
303 538 443 607 qnondam
457 538 661 605 sponsaliorum
670 537 716 590 die
725 543 850 589 vexatus.
898 544 907 580 t

206 614 364 665 Tetrininns
382 617 549 677 senatorem,
568 614 659 664 minus
677 611 733 663 sibi
751 610 818 663 tam·
849 634 852 654 τ
882 636 910 657 ’.ι

205 694 317 758 captum
326 692 437 755 repento
446 685 580 752 ocubsot
589 688 625 739 ob
634 687 665 738 id
673 685 768 737 inedia
776 687 851 740 mori
860 686 890 739 d·
901 710 910 729 ι

204 768 269 826 tem,
278 776 409 830 praesens
419 761 590 813 consolando
599 760 741 813 revocavit
751 759 892 813 advitam

260 834 333 887 niv.
352 835 491 887 lnsenutu
499 834 709 887 verbaiacieuti
717 834 882 899 dictumest,

205 907 306 961 teliaci-⁸
325 914 353 962 et
362 910 397 961 ab
407 909 479 973 alio,
495 909 708 962 onerantem
717 907 779 971 stoi,
790 908 815 959 ss'
824 909 909 961 iocum

203 999 268 1036 rem.
305 983 443 1036 Interdum
459 985 495 1035 ob
514 984 678 1035 immodicas
696 982 892 1035 altercationes

203 1059 340 1126 ptantinsn
354 1073 370 1111 e
384 1059 463 1110 curia
476 1059 610 1125 perirem
620 1074 649 1109 se
658 1057 825 1125 proripIenti
834 1058 909 1126 qnid

202 1139 357 1200 gesserunt,
377 1132 454 1185 Ecere
468 1142 587 1200 oportere
601 1131 763 1184 senatoribus
777 1132 808 1183 ds
817 1148 842 1183 rs
856 1156 866 1173 ι
890 1156 909 1172 ιι

202 1207 257 1273 qui.
294 1207 429 1259 Antistius
444 1206 554 1271 Labeo,
574 1213 687 1259 senatus
701 1207 834 1271 lectione,
856 1224 904 1276 φιν

200 1283 290 1333 virum
299 1281 410 1349 legeret,
420 1281 460 1333 M.
466 1281 610 1349 Lepidum,
621 1280 727 1334 hostem
738 1281 805 1334 oiim
816 1282 885 1347 eins,
902 1305 905 1310 ·

201 1355 384 1421 exssslantons,
400 1356 481 1423 legit:
498 1356 739 1423 interrogatisque
749 1356 784 1407 ab
795 1371 845 1421 oo,
861 1372 896 1409 an

202 1431 253 1481 alii
271 1429 425 1497 digniores,
445 1446 520 1482 ιιιιιιιι
539 1446 665 1498 pampus
681 1428 810 1483 tuomum
823 1429 906 1483 ister

201 1504 323 1572 spondit.
359 1503 418 1557 Nec
437 1505 501 1558 ideo
520 1504 635 1557 libertas
650 1510 699 1557 aut
714 1505 890 1557 conusmooia
910 1527 911 1546 ι

201 1579 330 1647 cuiquam
340 1577 403 1631 fuit.

256 1652 317 1706 LV.
335 1653 429 1705 Etiam
442 1668 555 1721 sparsos
571 1653 683 1706 deseiu
693 1652 906 1708 cusiniamosos

200 1730 245 1780 los
255 1744 305 1780 nee
314 1728 439 1796 exponit,
458 1743 510 1779 uec
524 1743 625 1794 magna
639 1743 707 1781 cura
721 1728 878 1795 redarguit:
904 1751 905 1756 ¹

199 1802 341 1870 requisitis
350 1802 461 1869 quidem
471 1804 644 1867 auctoribus,
664 1803 694 1854 id
709 1802 793 1855 modo
809 1803 901 1855 cens·

200 1875 386 1943 gnoscsndnm
395 1874 513 1944 posthoc
522 1876 555 1928 do
565 1877 614 1941 iis,
631 1877 679 1944 qui
691 1876 803 1929 libellos
814 1882 864 1929 aut
893 1901 896 1919 ι

201 1951 238 2002 ad
247 1949 391 2001 infamiam
401 1950 554 2018 msiuspiam
565 1952 615 2003 snb
626 1951 717 2003 alieno
728 1952 840 2005 nomine
856 1975 861 1997 ·.
873 1974 877 1995 ι
891 1974 894 1993 1
909 1978 911 1995 ι

256 2022 329 2075 LVI.
348 2023 422 2076 iocis
432 2040 541 2093 quoque
551 2026 724 2092 quorundum
732 2026 881 2079 invidiosis
890 2041 908 2077 s

199 2099 353 2150 tutantibus
363 2099 520 2165 lacessitus,
536 2100 704 2153 contradixit
717 2101 819 2153 edicto.
857 2100 894 2152 Et
910 2127 911 2138 ι

201 2174 235 2225 dc
254 2170 404 2227 inhibenda
426 2180 651 2227 testamentorum
675 2175 801 2238 licentia,
824 2190 860 2227 ne
889 2198 908 2219 a·

202 2249 349 2317 quicquam
363 2250 553 2313 constitueret,
574 2249 737 2301 intercessit.
777 2249 894 2311 Quoties

201 2329 336 2376 stratuum
346 2324 467 2375 comitiis
481 2324 636 2388 interesset,
656 2324 745 2375 tribou
760 2338 821 2375 essm
837 2339 900 2376 csn1

201 2399 260 2449 suis
269 2398 415 2462 circuibat,
436 2397 663 2465 supplicabatque
677 2412 753 2450 more
768 2398 905 2451 sollemni.

202 2474 282 2525 rebat
290 2473 387 2540 etipse
396 2470 558 2539 suffraginum
568 2473 598 2524 in
607 2472 746 2536 tribubus,
759 2478 792 2524 ut
800 2488 898 2527 unnse

203 2548 241 2598 lo.
280 2547 390 2601 Testem
409 2563 439 2598 sc
457 2548 488 2599 in
506 2547 619 2613 iudiciis
632 2552 661 2598 et
672 2548 840 2614 interrogari
853 2553 882 2599 et

202 2622 370 2689 aequissimo
382 2622 474 2674 animo
484 2620 651 2689 patiebatur.
687 2621 791 2673 Forum
807 2644 810 2661 τ
827 2643 850 2682 ⁴¹.
882 2645 904 2665 -ιι

203 2695 254 2760 rit,
273 2711 331 2750 non
350 2711 435 2750 susus
453 2702 616 2766 extorquere
630 2696 839 2767 possessoribus
849 2712 897 2769 pr
