1822 3068
85 185 119 236 56
267 193 270 197 '
358 184 386 231 G.
413 182 602 231 sUssrorur

84 308 205 371 solibus,
226 305 361 369 mnium,
382 305 411 357 iu
424 319 533 373 pugnae
546 303 666 355 tumultu
677 303 712 355 ab
722 304 737 372 ip

82 388 211 508 cupita?
220 454 274 508 Sed
283 462 315 506 ut
325 453 462 522 coguovit,
473 452 620 504 Antonium
630 457 696 518 post
704 451 737 515 sua

82 530 190 600 Lepido
201 537 353 598 receptum,
365 533 524 594 ceterosque
534 527 617 578 deloco
628 532 655 577 et
665 541 737 578 exero

83 605 185 656 sentire
198 619 248 673 pro
263 603 401 672 partibus,
423 616 533 655 causam
550 600 725 668 optimatium

85 681 205 732 etatIone
217 677 349 740 deseruit,
365 675 402 727 ed
410 681 581 744 praetextum
592 680 714 726 mutatae
724 691 737 726 r

84 755 160 805 mota
172 752 302 820 factaque
317 749 489 818 quorundam
510 747 704 812 calumniatum
726 767 737 819 q

83 843 113 879 se
127 841 252 894 wem,
273 825 324 876 alii
340 823 485 876 emendum
506 823 694 888 tollendumque
712 825 737 874 ia

82 917 134 954 nec
148 905 196 952 out
209 899 264 951 sibi
278 904 327 950 eut
340 898 477 950 veteranis
486 912 537 966 par
546 897 637 964 gratia
646 897 737 949 referri

84 989 140 1043 quo
154 973 243 1041 magis
255 973 452 1041 poenitentiam
466 972 569 1040 prioris
588 977 680 1023 sectae
700 988 735 1040 ap

84 1049 221 1102 Nnrsiuos
230 1047 329 1114 grandi
339 1047 497 1116 pecuniaet
506 1060 590 1114 quam
598 1046 737 1112 penderen

84 1123 226 1186 multatos,
237 1127 361 1174 extorres
372 1120 475 1188 oppido
486 1121 554 1186 egit:
570 1119 645 1188 quod
655 1120 737 1171 Mutii

83 1199 311 1266 interemptorum
336 1195 436 1246 civium
464 1194 569 1245 tremulo
599 1194 709 1260 publice

85 1271 278 1338 ascripserant,
290 1267 344 1319 Pro
354 1267 474 1319 libertate
484 1282 526 1316 eor
537 1267 693 1318 occubuisse.

140 1343 216 1394 XIII.
239 1342 311 1394 Inita
335 1357 396 1394 cum
415 1341 536 1392 AntonIo
556 1345 584 1392 et
602 1339 711 1408 Lepido

86 1415 263 1486 Philippense
274 1432 383 1486 qnoque
393 1414 504 1478 bellum,
516 1429 671 1483 quanquam
686 1417 737 1468 ium

86 1506 140 1561 que
150 1505 244 1558 aeger,
260 1490 365 1559 duplici
374 1489 481 1558 proelio
492 1490 638 1556 transegit:
659 1505 737 1558 qnou

86 1566 186 1617 eastris
205 1570 303 1618 exutm
322 1565 369 1617 vix
383 1564 420 1615 ad
432 1563 546 1615 Antonii
564 1579 650 1614 corun
662 1563 731 1631 iuga

85 1639 145 1692 Nee
158 1654 313 1692 successum
327 1639 461 1691 victoriae
475 1637 633 1689 moderatus
647 1643 700 1689 est:
726 1656 737 1690 s

86 1714 168 1766 Bruti
177 1713 292 1766 Romam
305 1714 404 1775 mirso,
424 1717 455 1762 ut
468 1716 577 1762 statuae
591 1711 719 1763 Caesaris
734 1732 737 1763 ε

85 1795 145 1851 tur,
158 1789 188 1838 iu
198 1786 448 1854 splendidissimum
460 1800 593 1853 quemque
608 1787 737 1853 eaptivun

86 1861 233 1913 verborum
247 1859 414 1911 contumelia
428 1858 538 1910 saeviit:
556 1865 589 1909 ut
599 1860 708 1927 quidem
719 1879 737 1913 o

86 1935 136 1986 uui
154 1933 322 2000 sepulturam
341 1933 467 2002 precanti
485 1934 661 1999 respondisse
680 1935 737 1986 dier

86 2008 166 2061 ittam
175 2007 204 2058 s'o
217 2008 349 2058 volucrum
363 2014 517 2072 potestatem
524 2005 606 2076 som
627 2008 712 2073 alios,
733 2027 737 2077 p

87 2082 188 2145 filium,
202 2097 254 2148 pro
264 2082 322 2132 vita
332 2086 474 2147 rogantes,
486 2081 582 2132 sortiri
590 2082 635 2133 vel
644 2083 737 2134 micat<

86 2162 119 2207 ut
138 2155 264 2207 alterutri
284 2155 490 2217 concederetur3
520 2170 553 2204 ac
576 2162 737 2223 spectasse·

86 2231 261 2293 morientem,
273 2235 356 2298 quum
366 2235 457 2297 patre,
469 2229 518 2297 qui
527 2245 556 2280 se
568 2230 718 2296 obtulerat,
731 2249 737 2282 t

86 2306 141 2356 lius
152 2319 261 2375 quoque
269 2302 427 2354 voluntaria
438 2303 611 2355 occubuisset
620 2320 695 2356 nece.
736 2332 737 2338 =

87 2381 154 2444 tcn',
175 2385 204 2430 et
220 2379 249 2429 in
268 2375 312 2428 his
323 2377 362 2428 M.
376 2377 529 2442 Favonius,
549 2378 597 2430 ille
613 2378 727 2430 Catonis

86 2471 170 2524 quum
191 2451 312 2504 catenati
330 2452 557 2519 producerentur,
578 2453 737 2520 imperatore

86 2526 239 2581 honorifice
249 2526 383 2589 salutato,
393 2524 465 2576 hunc
475 2525 635 2577 foedissimo
648 2530 737 2580 couvi(

86 2603 288 2670 prosciderunt.
320 2598 436 2652 Partitis
446 2605 511 2668 post
519 2601 665 2652 victoriam
677 2604 737 2654 offic

86 2677 222 2729 Antonius
237 2675 376 2728 Orientem
397 2674 592 2740 ordinandum,
612 2676 674 2744 ipse
691 2684 737 2731 vet
