1822 3068
115 213 386 262 ocasvlauns.
421 214 636 264 (MP-4846.
744 175 778 265 77

68 356 75 389 ι
94 337 237 404 praetoris
255 335 379 389 uibnnal
398 335 482 389 dedit.
521 334 691 390 Athletarum
709 354 775 393 vero

68 410 139 463 eolo
150 411 285 463 muliebre
294 425 376 463 sexus
387 425 466 463 omne
481 410 552 463 adeo
567 413 726 478 summovit,
745 421 776 467 nt

67 484 186 538 loalibns
203 484 278 536 ludis
294 485 418 553 pugilum
436 499 489 552 par
501 484 672 552 postulatum
690 486 774 539 distas

67 560 231 628 suequentis
241 559 465 611 ‹lieimatatinum
473 559 773 628 tempus,e‹lixeritqne‚

67 649 99 687 ss
111 641 175 687 aste
188 632 284 686 imam
298 632 417 700 quintam
430 632 518 685 venue
531 632 560 685 in
575 633 709 687 theatrum
721 651 774 687 sou

67 725 88 759 s.

66 779 121 833 av.
140 781 205 850 lpse
214 781 358 833 Circenses
371 795 405 833 ex
419 781 570 834 amicorum
584 781 642 835 lere
660 783 772 836 liberto-

66 871 92 907 ιο
101 855 260 908 eoenasulis
275 856 429 922 spectabat,
448 856 584 908 interdum
599 858 771 926 epulvinsri,

66 930 128 982 (lem
149 944 210 981 esim
226 930 344 996 coniuge
358 944 391 981 ao
405 930 499 981 liberis
513 930 620 983 sedens.
659 931 771 1001 Specta·

67 1019 99 1056 er
107 1003 242 1071 plurimas
252 1000 344 1066 horas,
351 1003 499 1071 aliqnando
509 1009 586 1057 totos
597 1006 655 1057 dies
664 1008 768 1073 aberat,

69 1079 161 1143 renis,
172 1077 437 1144 commendatisque,
449 1079 584 1145 quisnam
593 1081 681 1132 vicem
690 1096 769 1148 prae·

65 1152 90 1204 lo
99 1151 289 1220 iungerentur.
327 1150 428 1204 Verum
439 1153 548 1219 quoties
559 1153 679 1218 adesset,
699 1154 769 1207 nihil

65 1241 116 1278 rea
126 1227 237 1294 agebat,
248 1241 298 1278 seu
305 1226 412 1277 vitandi
421 1228 540 1278 rumoris
551 1242 644 1292 causa,
655 1243 710 1296 quo
719 1244 768 1297 pa-

65 1301 205 1353 laesarem
217 1299 301 1366 vulgo
315 1298 507 1367 reprehensum
527 1304 767 1368 commemorabat,

64 1375 134 1427 iuter
148 1373 328 1442 spectandum
340 1375 467 1442 epistolis
480 1375 635 1444 libellisque
646 1377 769 1445 legendis

64 1449 225 1502 ueribeudis
243 1454 367 1510 vacarem
391 1464 441 1501 seu
459 1449 552 1501 studio
573 1451 715 1517 spectandi
736 1468 770 1503 se

64 1530 127 1590 use,
143 1539 200 1592 qna
208 1522 298 1574 teneri
307 1537 434 1590 seneque
444 1521 768 1593 dissimulavitunquam

64 1614 101 1666 pe
120 1599 240 1666 ingenue
258 1596 400 1664 professus
415 1600 465 1649 est.
503 1595 600 1663 ltaque
618 1598 769 1649 corollaria

63 1673 134 1725 ensis
144 1671 245 1724 alienis
260 1686 368 1739 qnoque
377 1669 537 1722 muneribus
549 1684 582 1721 ae
591 1669 664 1721 ludis
675 1676 703 1722 et
712 1686 768 1723 ere·

63 1747 207 1814 tgrsndia
227 1746 261 1798 ‹le
281 1761 331 1797 suo
353 1744 498 1797 offerebat:
522 1743 645 1813 nullique
660 1742 767 1797 Graeco

63 1822 117 1872 nini
134 1818 275 1884 interfuit,
296 1835 350 1887 qno
370 1835 426 1872 non
445 1834 496 1886 pro
517 1819 615 1871 merito
635 1834 768 1887 quemque

62 1895 135 1948 otium
146 1893 334 1946 honoraverit.
372 1893 513 1961 spectavit
522 1899 612 1945 autem
623 1894 768 1948 studiosis·

62 1969 170 2038 uugiles,
192 1967 489 2030 etmaximebatlnos3
508 1983 565 2020 non
578 1968 717 2036 legitimos
727 1975 767 2020 at-

62 2044 200 2096 rdinasios
214 2042 312 2107 modo,
333 2057 403 2110 quos
417 2043 501 2095 etiam
516 2044 686 2097 committere
706 2060 766 2097 oum

62 2119 88 2169 is
102 2118 225 2181 solebat,
246 2116 295 2168 sed
309 2121 337 2167 et
350 2117 518 2169 cateruarios
533 2118 687 2186 oppidanos
696 2118 768 2173 inter

62 2194 117 2245 tias
135 2193 262 2244 vicomm
280 2196 433 2259 pugnantes
450 2196 553 2244 temere
572 2208 606 2244 ac
625 2194 684 2245 sine
698 2201 766 2245 arte.

61 2282 136 2318 nsum
156 2265 275 2333 (leuique
294 2280 380 2333 genus
400 2280 499 2332 operas
523 2265 632 2334 aliquas
655 2267 767 2334 publico

61 2341 133 2393 uculo
144 2340 335 2408 praebentium
346 2339 428 2391 etiam
440 2355 505 2391 cura
516 2356 567 2391 sus
578 2342 767 2408 dignatusest.

61 2414 664 2482 iseteonseruaritprivileglsetampliovit.
703 2411 768 2463 Gla-

60 2505 97 2542 ·es
106 2491 167 2542 sine
176 2488 309 2540 missione
322 2489 368 2540 edi
377 2487 527 2556 prohibuit.
567 2487 768 2540 coercitionem

60 2565 175 2628 triones,
191 2563 399 2630 magistratibus
408 2564 439 2616 in
449 2563 524 2615 omni
533 2567 657 2629 tempore
667 2560 766 2613 etloeo

60 2645 137 2692 etere
146 2637 317 2707 permissum,
329 2637 444 2701 ademit,
454 2641 647 2706 praeterquam
657 2634 730 2687 ludis
741 2641 769 2688 et

59 2750 67 2766 .
104 2712 164 2767 Nee
176 2718 269 2765 tanen
282 2727 316 2766 eo
329 2712 420 2766 minus
435 2717 484 2764 snt
495 2709 668 2777 xysticorum
682 2717 768 2765 uerta-
