1874 3060
137 168 276 239 'rrrus
314 189 392 239 cnr.
411 191 493 237 2-e.
671 187 721 241 arr

43 326 101 376 sno,
113 311 255 379 alteroque
264 313 405 378 inscenso,
417 313 495 364 cuim
504 319 597 365 rector
607 314 681 367 circo
690 329 721 366 se

43 385 245 439 soccubuernt
597 408 604 419 =

43 458 126 511 {alba
140 475 206 512 mox
218 466 327 513 tenente
339 461 550 528 rempublicam,
570 460 670 512 missus
681 462 718 513 ad
754 500 760 527 ·.

43 534 130 598 ndum,
147 535 332 602 quaquairet,
344 535 479 603 conuertit
488 533 625 598 homines,
637 536 718 602 quari
747 558 750 563 ·
787 526 799 590 ’.’
805 543 818 559 ’·

43 609 82 661 nis
101 609 193 676 gretia
213 616 405 661 arcesseretur.
448 608 516 675 Sed,
540 609 591 660 ubi
608 610 717 661 turbari
763 612 771 623 ⁴
808 605 819 625 ³

44 689 128 734 uncto
136 683 234 746 sensit,
253 682 338 735 rediit
347 699 380 736 ex
389 684 502 746 itinere3
522 683 654 752 aditoque
663 682 716 735 Po-

43 758 125 809 meris
137 757 260 822 oraculo,
267 757 331 809 dum
342 757 376 809 de
384 757 716 825 navigationeconsulnit,

43 847 57 883 e
69 831 182 898 imperii
194 847 243 899 spe
257 831 433 883 confirmatus
447 838 497 884 est.
537 833 621 884 Cuius
639 832 718 884 brevi

43 942 49 969 ,
69 911 98 957 et
108 905 144 955 ad
154 905 370 972 perdomandam
379 905 509 956 Iudaeam
522 907 647 971 relictus,
666 921 717 960 uo·

58 979 318 1047 Hierosolymorum
344 980 549 1047 oppugnatione
572 980 718 1033 duodecim

44 1059 143 1106 totores
157 1054 272 1105 totidem
287 1055 451 1122 sagittarum
466 1053 585 1105 confecit
602 1055 718 1116 ictibur3

44 1144 49 1179 e
59 1143 120 1180 eam
130 1127 219 1179 natali
228 1128 302 1180 tiliae
312 1143 388 1192 suae,
398 1133 476 1180 tanto
487 1127 604 1179 militum
614 1128 718 1195 gaudio

44 1218 75 1265 e,
96 1203 171 1255 utin
180 1202 368 1269 mandatione
376 1203 572 1272 imperatorem
582 1216 644 1255 erun
654 1217 719 1255 oon·

44 1277 118 1341 erint,
139 1282 167 1328 et
180 1277 296 1328 subinde
311 1277 484 1330 decedentem
497 1277 640 1344 provincie
651 1277 720 1329 deti·

44 1389 48 1413 ,
68 1351 231 1419 suppliciter
245 1367 365 1403 necnon
378 1352 559 1411 etnrineciter
569 1350 720 1420 efflagitan-

50 1434 199 1478 remnneret
211 1434 355 1478 esttecum
365 1425 563 1492 omncrpaeiter
572 1425 720 1478 comme.

44 1505 90 1552 eta
110 1499 231 1568 suspicio
252 1507 306 1566 est,
327 1501 407 1568 quasi
428 1501 578 1552 desciscere
598 1505 721 1566 epatre,

44 1590 103 1643 tque
113 1589 226 1642 regnum
236 1575 291 1626 sibi
300 1574 441 1627 vindicare
449 1578 591 1626 maturet
633 1573 723 1634 Quem

44 1664 114 1701 inem
135 1649 224 1712 auxit,
244 1655 391 1717 postquam
404 1646 599 1699 Alexandriam
618 1653 721 1714 petens,

44 1723 162 1776 eorando
184 1722 257 1790 apud
271 1720 420 1789 Memphim
439 1722 509 1773 bove
523 1720 577 1787 Api
595 1719 724 1772 diadema

44 1816 60 1862 :,
76 1797 110 1849 de
124 1812 200 1848 more
215 1797 351 1864 siquidem
365 1795 475 1864 rituque
489 1795 597 1861 priscae
610 1793 722 1860 religio·

44 1872 125 1944 lnon
144 1871 269 1935 deerant,
290 1871 340 1939 qui
357 1871 449 1922 secius
468 1869 722 1936 interpretarentur.

44 1945 205 1997 estinamin
219 1944 342 2009 ltaliam,
364 1961 447 2014 quum
456 1942 604 2011 Rhegium,
625 1942 724 1995 deinde

44 2036 63 2072 u
75 2019 204 2072 oneraria
213 2034 283 2070 nave
293 2019 454 2087 appulisset,
459 2018 575 2070 Romam
583 2018 648 2070 inde
659 2033 724 2070 con·

44 2093 263 2162 xpeditissimus;
282 2093 493 2162 inopinantique
502 2094 585 2160 patri,
595 2093 671 2146 velut
681 2108 724 2145 ar·

44 2164 166 2221 umorum
176 2167 210 2219 de
219 2183 249 2220 se
259 2167 453 2231 temeritatem,
473 2165 552 2232 Verri,
565 2168 725 2235 inputem·

44 2262 57 2293 l·

52 2315 148 2384 Neque
163 2331 197 2367 ex
210 2331 244 2369 eo
261 2315 368 2367 destitit
380 2315 543 2384 participem
557 2320 640 2382 etque
652 2317 726 2364 tuto·

45 2392 208 2457 serlingere.
246 2387 441 2458 Triumphauit
449 2404 510 2443 cum
520 2393 611 2456 patro,
632 2402 726 2438 oemun-

57 2466 143 2534 gessit
155 2479 221 2516 une.
259 2463 356 2516 Eidem
371 2464 480 2531 collega
493 2469 521 2514 et
533 2462 563 2512 in
576 2460 726 2512 uibunicia

45 2547 81 2606 te,
102 2546 129 2592 et
142 2540 172 2591 in
182 2544 285 2605 septem
296 2539 486 2590 consulatibus
494 2536 557 2586 fuit.
594 2534 727 2600 Recepta·

45 2630 156 2685 eprope
168 2613 288 2666 omnium
300 2613 453 2665 officionnn
464 2625 539 2673 cura,
546 2624 629 2676 quum
639 2609 727 2675 patris

50 2696 79 2745 et
88 2689 222 2761 epistohr
232 2687 293 2757 ipse
309 2688 440 2754 dictaret,
460 2693 487 2740 et
501 2683 595 2737 edicta
608 2684 729 2737 conscri-
