1822 3068
13 79 20 91 ι
113 125 163 174 220
387 124 414 169 C.
442 122 629 171 SUIITONII

168 246 321 300 XXXVIII.
339 246 401 298 Irae
416 251 497 313 atque
514 245 676 299 Iracundiae
695 246 817 299 conscius
833 246 883 311 sill,

113 329 258 390 utramque
268 321 409 373 excusavit
418 321 523 384 edictu,
544 320 738 389 distinxltqne,
753 321 881 390 pollicita,

114 399 226 450 alterum
236 396 339 464 quidem
351 394 640 457 cemmeticensium,
651 396 763 447 alteram
773 412 822 447 scs
829 394 881 446 isis·
907 406 910 411 '

113 470 258 543 stamfcre.
299 470 484 532 ostiensibus,
501 470 632 535 qniasibi
642 470 770 521 subeunti
779 470 880 521 Tiberi!
907 524 910 529 ,

113 544 229 614 scaphas
241 545 349 597 obviam
360 559 416 595 non
426 544 562 607 miserint,
572 544 693 611 graviter
703 545 840 613 correptis,
847 558 879 595 ea·

114 636 166 688 que
176 636 238 672 carm
246 619 363 681 invidia,
378 624 410 669 ut
419 617 448 669 in
458 616 610 669 ordinemne
620 626 740 670 coactum
749 618 879 671 consulit·

112 700 167 758 ret,
187 701 297 761 repente
310 699 416 744 tantum
429 708 485 744 non
495 691 691 744 satisfacientis
699 694 784 745 modo
793 692 879 745 venian

113 769 197 820 dedit.
237 767 390 831 Quosdam,
409 767 439 818 in
453 766 565 835 publicu
580 783 677 835 parum
686 764 879 836 tempestivam·

113 848 219 906 euntes,
239 857 322 893 manu
336 857 387 892 sua
405 842 514 909 repulit.
552 841 620 893 Item
636 842 757 895 scribam
776 846 879 912 quaedu-

111 917 195 979 rium,
210 917 329 985 itemque
340 922 470 984 praetura
479 914 602 967 functum
612 922 780 982 senatorem,
793 914 878 969 {nandi

111 998 156 1042 tos
166 991 344 1055 etinnoxics,
364 990 509 1058 relegavit,
529 990 603 1058 qnod
612 990 661 1042 ille
672 991 801 1043 adversus
809 990 878 1060 ndns

110 1072 168 1117 tum
179 1082 208 1117 se
217 1066 443 1133 intemperantius
454 1063 591 1129 affinisset,
611 1062 656 1117 hle
669 1066 699 1116 in
710 1064 878 1119 aediIItatcls·

113 1141 233 1208 quilincs
246 1140 422 1207 praediorum
436 1155 562 1204 snorum,
583 1145 680 1191 contra
692 1140 806 1193 vetitum
818 1142 878 1191 eada

110 1214 265 1278 vendentes,
272 1214 422 1278 multasset,
433 1214 609 1281 villicumque
619 1215 835 1267 intervenleutcn
842 1212 877 1265 Is·

110 1287 248 1355 gellasset.
289 1287 350 1350 Qua
364 1288 397 1340 de
412 1303 496 1339 causa
509 1289 594 1340 etiam
608 1289 802 1342 enercitIcnem
817 1284 877 1356 pupl-

111 1377 209 1414 narum
224 1362 361 1415 aedilibus
376 1362 486 1414 ademit.
524 1363 564 1414 Ac
581 1379 615 1414 ne
630 1362 778 1416 stultitiam
791 1360 878 1433 quiden

110 1453 189 1488 suam
202 1438 326 1502 reticuit,
347 1437 557 1504 simulatamque
572 1452 589 1488 a
603 1453 633 1489 se
647 1452 682 1489 ex
694 1438 827 1491 industrit
841 1432 878 1487 nd

111 1513 192 1577 Cain,
209 1513 283 1580 qnod
293 1513 374 1565 aliter
383 1527 514 1564 evasauus
523 1518 755 1581 peruenturusque
766 1513 800 1565 ad
808 1524 878 1565 suste

109 1593 184 1656 ptam
196 1588 343 1639 stationem
355 1603 412 1639 non
425 1586 521 1651 fuerit,
542 1586 706 1655 quibusdam
721 1582 878 1640 enumeris

108 1667 226 1713 testatus
236 1669 286 1714 est.
319 1661 378 1714 Nee
386 1667 477 1713 tamen
487 1662 632 1728 persuasit,
644 1678 728 1730 quum
737 1663 809 1715 intra
816 1662 878 1713 amu

108 1743 216 1806 tempus
225 1736 296 1788 liber
305 1737 395 1788 editus
405 1736 449 1800 sit,
461 1736 505 1788 cui
514 1735 597 1788 index
607 1742 674 1800 erat,
685 1738 777 1804 μωρῶν
785 1731 878 1785 dedusc-

109 1825 155 1875 σις,
168 1818 354 1878 argumentum
366 1816 465 1874 autem,
476 1810 616 1862 stultitiam
625 1809 860 1881 neminemfiagm

164 1884 293 1936 XXXIX.
313 1884 386 1937 Inter
401 1890 491 1936 cetera
505 1886 535 1936 ln
549 1901 582 1936 eo
597 1885 691 1937 mirati
703 1892 769 1937 sunt
776 1883 879 1938 honus

109 1964 137 2008 et
152 1958 317 2009 obllvionem
332 1965 359 2010 et
377 1959 651 2023 inconsiderantiam,
670 1959 728 2024 vel,
748 1966 780 2012 ut
796 1958 879 2011 (anm

109 2032 212 2097 dicam,
232 2032 374 2100 μετεωρίαν
393 2040 421 2086 et
439 2028 575 2095 ἀβλεψίαν.
611 2034 712 2085 Occisa
730 2032 879 2091 Messallffl»

108 2107 203 2175 paullo
214 2113 279 2176 post
294 2124 374 2176 quam
390 2110 419 2160 iu
434 2109 556 2160 triclinio
572 2109 714 2172 decubuit,
734 2125 783 2161 eur
795 2104 881 2159 mnus

108 2199 161 2234 ccc
174 2181 286 2245 veniret,
307 2184 459 2252 requisivit.
497 2183 602 2235 Multos
617 2183 709 2247 exiis,
731 2179 881 2251 quiescapld

109 2257 293 2322 damnaverat,
304 2266 416 2326 postero
428 2258 520 2309 statim
532 2259 575 2310 die
586 2264 614 2310 et
622 2258 651 2308 in
661 2257 816 2309 eonvivInm
823 2248 881 2307 etti

108 2331 186 2384 aleae
196 2332 285 2384 lusum
297 2333 437 2385 admoveri
450 2332 543 2395 iussit,
564 2340 602 2396 et,
624 2333 705 2399 qnasi
717 2334 881 2389 mutarem,

107 2412 139 2457 ut
153 2408 356 2459 somniculosus
370 2422 420 2475 per
432 2408 562 2457 nuncium
576 2407 721 2474 increpuit.
759 2406 881 2458 unctum

108 2487 205 2532 contra
223 2481 267 2533 fas
280 2482 458 2549 AgrippInam
477 2496 602 2546 uxorem,
622 2496 679 2533 non
693 2482 811 2533 cessavit
823 2472 883 2532 anni

108 2555 339 2625 orationefilmm,
360 2563 388 2607 et
397 2556 541 2619 alumnum,
562 2561 589 2608 et
602 2556 630 2606 in
639 2554 742 2624 gremio
753 2572 800 2608 suc
808 2562 884 2607 sem

107 2637 186 2694 utque
196 2629 333 2682 educatam
342 2630 512 2700 praedicare.
549 2632 691 2683 Asciturns
705 2632 736 2683 in
749 2626 883 2685 numenia-
