1822 3068
279 184 390 235 NERO.
424 184 503 234 GAP.
523 187 629 233 15-20
803 184 855 239 235

76 316 120 375 rto,
139 322 245 361 vacuae
264 302 416 376 signaturis
435 307 661 371 ostenderentur3
685 323 719 361 ac
735 323 772 361 ne
790 309 866 378 orris·

76 384 145 436 ilerd
155 383 316 435 testamenti
332 383 452 450 scriptor
470 383 590 451 legatum
611 383 666 435 sibl
684 383 851 447 ascriberet3
890 405 893 411 ·

76 463 164 511 tamut
172 457 330 526 litigatores
340 472 390 526 pro
401 458 564 525 patrociniis
579 464 681 511 certam
694 457 850 526 iustamque

76 532 222 598 narcedcm,
247 546 298 600 pro
322 532 461 583 subselliis
483 532 588 585 nullam
608 532 720 585 omnino
740 531 849 596 darent,

76 606 206 674 praebente
226 608 336 659 amatio
356 607 497 674 gratuita3
515 613 600 675 utque
618 622 710 660 rerum
730 612 795 658 ectri
814 606 850 659 ab

76 681 168 733 mario
183 696 284 734 causae
298 680 334 732 ad
346 680 439 750 iorum
454 696 487 732 ac
501 688 708 750 recuperatores
720 680 851 733 transsier-

76 761 170 819 rutum
190 761 259 808 etat
269 770 363 809 onmes
377 756 577 825 appellationes
587 757 753 809 aludicibus
762 755 800 807 ad
809 769 852 807 se·

76 830 269 883 mtrrmlierent.
449 891 452 896 Ι

119 903 216 957 XVlll.
235 903 360 973 Augendi
372 903 599 973 propagandique
612 905 722 974 imperii
740 920 791 957 nec
803 919 852 958 ro·

77 976 166 1031 imum
178 979 240 1031 ulla
250 994 339 1047 nequa
352 994 401 1046 epe
412 986 502 1031 motus
512 994 644 1046 unquam,
655 981 737 1033 etiam
748 995 782 1033 ex
790 980 853 1033 Bri·

79 1053 159 1105 asnis
169 1052 302 1106 deducere
312 1054 461 1105 exercitum
476 1054 628 1121 cogitavit3
646 1070 696 1107 nec
709 1055 766 1107 nisi
778 1069 854 1107 rere·

82 1126 177 1193 madia,
198 1144 234 1180 ne
254 1129 408 1181 obtrectare
431 1128 552 1196 parentis
576 1128 683 1196 gloriae
701 1128 853 1193 videretur,

82 1198 177 1255 destitit.
215 1200 299 1255 Ponti
312 1202 396 1255 modo
411 1218 537 1270 regnum,
552 1203 718 1257 concedente
727 1202 855 1256 Polemo·

83 1276 186 1341 uallem
195 1276 317 1345 Alpium,
329 1276 456 1329 defuncto
469 1278 576 1343 Cottio,
589 1279 619 1329 in
629 1278 788 1345 provinciae
798 1276 854 1331 for·

83 1351 262 1419 ammdegit.

123 1425 195 1479 XIX.
214 1425 453 1493 Peregrinationes
464 1427 533 1478 duas
543 1427 655 1479 omnino
675 1427 808 1496 suscepit,
821 1427 856 1477 A·

83 1494 254 1553 lrxsndrinam
278 1507 306 1553 et
324 1499 489 1553 Achaicam:
519 1501 567 1552 sed
586 1500 771 1553 Alexandrina
793 1502 855 1569 ipso

83 1573 246 1641 pmiectionis
261 1575 306 1627 die
318 1574 436 1641 destitit,
446 1575 573 1627 turbatus
584 1575 666 1627 simul
680 1575 813 1642 religione
824 1589 857 1627 aa

82 1650 200 1716 polenia.
238 1649 309 1702 Nam
325 1666 406 1718 quum
422 1651 545 1703 circintis
560 1648 669 1718 templis
683 1650 712 1700 in
727 1648 794 1701 aede
803 1647 857 1700 Ve-

82 1724 471 1793 saeresedimeaconsurgenti
481 1725 507 1777 ei
516 1725 634 1792 primum
644 1724 747 1775 lacinia
757 1720 857 1776 obbae·

82 1796 123 1851 sit:
141 1800 239 1853 deinde
249 1805 327 1852 tanta
338 1806 435 1852 coorta
446 1800 537 1868 caligo
548 1805 602 1863 est,
616 1806 648 1851 ut
657 1798 791 1868 dispicere
800 1812 858 1849 uon

80 1880 168 1938 posset.
211 1874 244 1925 ln
262 1873 367 1927 Achaia
385 1873 514 1926 isthmum
535 1873 679 1944 perfodere
699 1888 857 1943 aggressus,

79 1948 259 2071 wriaucs
271 1965 323 2018 pro
339 1950 471 2001 concinne
486 1950 521 2001 ad
535 1948 720 2002 inchoandum
731 1964 801 2018 opus
812 1963 858 2001 co·

94 2029 194 2077 artatus
214 2030 274 2087 est3
293 2024 415 2091 tubaque
435 2025 513 2091 signo
530 2025 610 2089 dato,
625 2026 728 2092 primns
742 2023 856 2077 rastello

78 2090 177 2153 hamam
198 2098 309 2164 effodit,
329 2105 357 2152 et
377 2098 491 2150 corbula
505 2106 662 2167 congestam
677 2098 797 2153 humeris
812 2113 858 2152 ex·

77 2172 139 2229 ulit
176 2173 301 2229 Parabat
314 2179 342 2226 ct
359 2173 394 2224 ad
409 2172 523 2239 Caspias
537 2181 632 2242 portas
647 2175 857 2243 expeditionem,

77 2248 225 2317 omuipta
238 2263 273 2303 ex
285 2247 390 2300 italicis
409 2246 503 2299 semim
523 2249 622 2315 pedum
635 2249 772 2302 tironibus
785 2261 859 2300 nova

76 2315 877 2467 ll'rnillil{Alillllellllssnlnli:⁴

76 2484 122 2527 ron
130 2473 268 2527 mediocri
281 2470 363 2525 laude
373 2472 457 2540 digna
470 2472 592 2525 inimum
604 2471 720 2534 contuli,
730 2475 859 2521 utsecer·

76 2560 158 2601 rerem
169 2564 186 2601 a
196 2547 308 2617 probris
318 2561 352 2599 ac
361 2547 510 2600 sceleribus
520 2547 592 2612 eius,
607 2547 640 2598 de
651 2545 751 2614 quibus
762 2541 860 2595 debinc

76 2620 166 2677 licam.

121 2697 186 2753 IX.
209 2696 285 2749 luter
299 2701 404 2749 ceteras
419 2695 580 2766 discipliuae
594 2693 728 2764 pueritiae
737 2699 860 2762 tempore
