1874 3060
115 192 165 246 196
393 195 419 239 G.
447 191 634 240 SUETONH

114 316 177 387 ipso
190 317 246 382 die,
268 331 322 384 quo
337 316 455 384 primum
470 329 520 366 ara
530 315 571 366 ibi
579 313 702 381 Augusto
718 311 846 364 dedicata
859 317 911 377 est,

116 392 325 460 appellatusque
334 390 464 441 Tiberius
475 388 607 440 Claudius
617 387 734 438 Drusus:
766 385 845 450 Mox,
855 384 912 437 ira·

115 472 158 518 tre
167 466 273 517 maiore
282 465 311 516 iu
320 463 419 515 Iuliam
433 463 570 514 familiam
585 461 731 529 adoptato,
753 458 913 512 Gemanici

117 554 270 607 cognomen
281 538 437 605 assumpsit.
466 536 559 588 lufaus
571 541 662 587 autom
671 534 784 593 relictus
795 540 910 602 epatre,

116 629 151 665 ac
164 628 214 680 per
228 628 307 664 omne
319 611 377 664 iere
391 613 527 678 pueritiae
538 616 620 678 atque
630 606 833 660 adolescentiae
842 613 910 660 tem·

115 702 169 756 pus
178 687 264 738 variis
273 691 302 736 et
309 686 453 737 tenacibus
463 685 568 737 morbis
579 682 753 735 conflictatus
763 688 817 743 θεῖς
838 682 909 734 adeo

115 767 160 826 ut,
175 761 267 812 animo
282 759 406 810 simulet
421 774 537 825 corpore
551 756 693 821 hebetato,
713 772 748 808 ne
761 771 911 824 progressa

116 834 228 904 quidem
243 839 332 885 aetate
345 833 397 884 ulli
410 833 521 901 publico
535 833 678 900 privatovo
691 831 799 882 muneri
808 829 910 883 habilis

117 907 329 960 existimaretur.
368 907 437 972 Diu,
454 903 828 976 atqueetiamposttutclam
836 920 911 957 rece·

115 987 205 1050 ptam,
226 981 311 1032 alieni
321 980 442 1045 arbitrii,
463 986 491 1032 et
504 980 554 1031 sub
569 978 732 1048 paedagogo
743 977 809 1042 iuit3
830 993 911 1048 quem

117 1055 259 1107 barbarum
269 1062 297 1106 et
305 1052 366 1106 olim
375 1053 650 1121 superiumentarium,
672 1068 704 1104 ex
718 1051 850 1105 industria
861 1051 913 1104 sibi

116 1128 272 1196 appositum,
283 1137 351 1180 utre
361 1128 554 1195 quibuscunque
565 1125 692 1179 decausis
702 1141 781 1192 quum
791 1125 911 1178 metimi-

114 1219 156 1254 me
166 1206 307 1265 coerceret,
327 1202 387 1269 ipse
402 1202 521 1271 quodam
535 1201 630 1253 libello
642 1201 827 1268 conqueritur.
868 1201 910 1252 ob

114 1275 187 1327 hanc
206 1275 320 1328 eandem
339 1275 524 1328 valetudinem
543 1281 572 1327 et
594 1274 763 1344 gladiatorio
787 1290 910 1341 munere,

115 1349 191 1417 quod
201 1350 283 1401 sbuul
294 1365 354 1403 cum
364 1349 451 1402 fratre
460 1350 610 1403 memoriae
619 1349 708 1417 patris
718 1348 830 1413 edebat,
849 1349 910 1417 pal-

113 1423 229 1479 liolatus
247 1440 320 1476 novo
340 1439 418 1478 more
437 1423 588 1494 praesedit,
609 1430 637 1475 et
654 1422 737 1490 togae
749 1423 840 1474 virilis
855 1423 910 1487 die,

116 1499 190 1550 eirca
199 1498 319 1550 mediam
328 1506 450 1563 noctem,
472 1499 531 1551 siue
541 1497 668 1551 sollemni
683 1498 789 1561 cilicio,
809 1497 910 1551 lectica

112 1572 144 1624 iu
154 1571 321 1639 Capitolium
333 1572 405 1624 latus
416 1579 465 1625 est.

170 1645 219 1697 111.
231 1647 393 1714 Disciplinis
402 1653 495 1699 tameu
504 1645 667 1698 liberalibus
677 1646 712 1697 ab
718 1650 809 1699 aetate
818 1646 911 1714 prima

114 1735 172 1772 non
182 1719 347 1772 mediocrem
359 1737 472 1789 operam
481 1720 571 1785 dedit,
583 1735 615 1771 ac
630 1735 712 1788 saepe
722 1721 911 1788 experimenta

116 1793 248 1861 cuiusque
267 1795 351 1846 mam
369 1794 530 1863 publicavit.
568 1793 671 1846 Verum
689 1809 724 1846 ue
743 1794 911 1862 sicquidem

115 1868 264 1992 titii
274 1867 778 2011 tmiltstt’pttltffiitt
789 1883 911 1996 ittig

112 2022 265 2083 portentum
283 2031 341 2067 eum
359 2015 471 2068 hominis
485 2017 644 2080 dictitabat,
664 2030 712 2068 uec
732 2016 911 2069 absolutum

116 2096 223 2151 namra,
236 2089 282 2140 sed
291 2098 394 2141 tuntum
404 2089 573 2152 inchoatum
584 2106 625 2155 ac,
637 2091 662 2140 si
672 2105 752 2157 quem
762 2091 910 2144 socordiae

118 2168 257 2230 argueret,
277 2164 423 2216 stultiorem
441 2164 602 2235 aicbatfltie
620 2180 666 2215 ruo
683 2163 801 2217 aarum
840 2160 912 2217 A'vla

116 2237 242 2304 Augusta
254 2253 304 2305 pro
320 2238 527 2307 despectissimo
541 2254 648 2306 semper
660 2236 779 2290 habrdtt·
793 2253 850 2291 aon
871 2237 911 2290 ai·

116 2310 180 2374 fari,
191 2311 247 2362 nisi
256 2312 409 2377 rarissime3
425 2329 481 2366 uon
490 2328 609 2377 monere,
620 2313 675 2364 nisi
685 2312 785 2364 acerbo
797 2318 826 2366 et
833 2313 911 2365 brevi

119 2385 231 2451 scripto,
243 2392 293 2437 aut
301 2403 351 2453 per
358 2389 554 2452 internuncios,
566 2388 659 2439 solita.
699 2386 788 2440 Soror
795 2384 909 2451 Licino,

117 2475 202 2527 quum
221 2460 344 2513 audisset
363 2462 528 2531 quandoque
546 2461 758 2530 imperaturum,
781 2466 841 2513 iam
859 2462 910 2513 iui-

118 2548 200 2600 quam
210 2539 303 2585 ettam
313 2534 456 2604 indignam
469 2542 571 2587 sortem
581 2535 680 2605 populi
688 2534 810 2587 Romani
818 2534 912 2604 palam

118 2612 145 2675 et
156 2607 229 2658 clare
240 2608 375 2663 detestata
385 2616 435 2662 est.
473 2609 544 2662 Nam
558 2615 586 2662 ct
596 2608 747 2662 avunculus
756 2611 849 2663 maior
858 2610 911 2660 llu-

106 2685 212 2746 gustus
226 2683 294 2752 quid
308 2684 342 2738 de
356 2698 389 2738 oo
404 2685 434 2736 iu
446 2690 592 2755 utramque
603 2690 710 2753 partera
725 2684 857 2752 opinatus
866 2684 911 2749 sit,
