1822 3068
104 115 154 167 23⁰
382 113 409 160 G.
433 110 621 161 snaron’u

104 239 174 292 Urbi
192 251 273 291 sacro
292 233 472 300 Latinarum,
492 234 676 289 celeberrimis
694 234 815 305 patronis
829 246 872 286 nos

103 312 304 376 translaticias,
314 317 346 363 ut
356 310 471 375 assolet,
481 315 509 362 et
517 311 623 375 breves,
633 310 682 361 sed
692 310 819 361 maximas
827 308 871 378 plu·

103 385 871 515 mmqqqptpdpgffiladoffiescgirtatimtingqqcntibqqpqpnz

103 478 145 514 vrs
359 475 376 511 a
428 475 464 510 au
495 474 603 512 cesse.
673 475 750 511 ecm
823 474 838 526 p

104 537 184 589 drmit
197 549 312 587 uxorem
325 533 467 585 Octaviam
478 550 485 596 ς
505 533 646 603 ediditque
658 548 710 604 pro
727 533 831 586 Claudii
840 546 870 583 sa

104 613 161 663 lute
171 610 312 662 Circenses
321 614 348 659 et
357 608 539 660 venationem.

160 683 232 736 Vlll.
253 681 449 750 Septemdecim
469 688 550 734 natus
570 697 672 747 annos,
687 688 719 734 ut
732 678 871 737 declsndlt

104 759 197 828 palam
209 756 312 809 iactum
326 761 379 818 cst,
393 757 464 807 inter
473 754 570 811 boram
583 762 689 808 sextam
699 757 872 826 septimanam

104 831 241 902 processit
249 831 286 882 ad
295 830 480 895 excubitores,
496 846 579 900 quum
590 832 625 882 ob
635 831 724 883 totins
734 832 790 884 diei
798 829 872 882 dirita-

105 918 160 958 tem
180 921 236 957 non
255 905 331 959 aliud
352 905 515 972 auspicandi
532 911 639 973 tempus
662 903 872 959 accommodata

105 981 262 1043 rideretnr3
286 994 391 1048 proque
405 978 507 1030 Palatii
520 979 651 1046 gradibus
669 979 812 1048 inperator
827 990 872 1030 cot·

107 1055 255 1118 salutatus,
271 1053 369 1106 lectica
378 1053 408 1105 in
419 1060 518 1117 castra,
529 1060 557 1105 et
565 1054 630 1106 inde
639 1056 742 1123 raptim
753 1049 872 1124 appellnt·

107 1129 242 1181 militibus
260 1128 290 1181 in
309 1127 413 1179 curiam
432 1125 540 1179 delatus
559 1135 619 1192 est3
643 1129 820 1199 discessitque
833 1126 872 1179 lt!

108 1203 227 1271 vesperi,
248 1201 443 1266 eximmensis,
459 1202 773 1269 quibuseumulabatur,
787 1196 871 1255 tumn

109 1277 174 1340 bus,
188 1282 296 1329 tantum
301 1275 503 1345 panispernae
512 1277 622 1329 nomine
631 1283 773 1345 recusato,
786 1279 874 1348 propter

109 1356 236 1403 aetatem.
662 1380 664 1384 -

164 1425 213 1477 lx.
234 1425 319 1477 Orsus
327 1422 391 1477 hine
402 1439 419 1476 a
429 1424 540 1494 pietatis
551 1425 745 1490 ostentatione,
756 1422 875 1478 clamis·

110 1500 323 1569 apparatissimo
342 1498 437 1551 funere
451 1499 553 1551 elatum
572 1499 698 1552 laudavit
717 1496 875 1554 consecrarit·

110 1591 172 1642 que.
213 1573 365 1626 Memoriae
385 1573 502 1626 Domitii
522 1574 608 1641 patris
626 1572 748 1628 honores
766 1574 876 1627 marial¹

109 1648 215 1701 habuit.
252 1648 338 1700 Matri
351 1664 483 1699 summam
494 1649 615 1700 omniurn
628 1664 719 1701 rernm
730 1650 876 1718 publicam

109 1725 331 1792 privatarumque
351 1723 484 1789 permisit.
522 1721 615 1775 Primo
635 1724 720 1776 etiam
732 1718 876 1795 impendo

110 1800 217 1865 signum
232 1797 378 1849 excubanti
396 1797 507 1849 tribuno
528 1797 604 1849 dedit
618 1794 755 1865 Optimam
773 1804 877 1851 matra?

110 1887 144 1922 ac
159 1869 287 1938 deinceps
302 1870 423 1922 eiusdem
437 1885 519 1939 saepe
535 1872 634 1923 lectica
647 1888 697 1940 per
710 1865 877 1941 publicani

109 1945 167 1997 unul
175 1951 270 1997 vectus
279 1951 328 1997 est.
366 1945 476 1995 Antium
488 1945 625 1998 coloniam
636 1946 763 2013 deduxit,
774 1940 877 2014 asfflpffl

110 2019 246 2072 veteranis
258 2019 600 2088 epraetorio,additisque
610 2037 659 2088 per
669 2022 877 2075 donriciliitrw·

110 2094 242 2146 lationem
262 2094 406 2145 ditissimis
430 2095 658 2163 primipilarium:
678 2097 728 2149 ubi
747 2104 776 2151 et
791 2100 878 2168 porus

111 2169 203 2239 operis
214 2169 445 2238 sumptuosissimi
454 2168 529 2221 fecit.

167 2244 203 2297 X.
222 2244 322 2313 Atque,
333 2249 364 2295 ut
378 2245 522 2297 certiorem
538 2241 628 2295 adhuc
640 2245 764 2299 indolem
779 2238 880 2299 emb

110 2325 165 2384 ret,
182 2333 216 2371 ex
230 2319 345 2386 ingrati
359 2319 528 2387 praescripto
543 2319 742 2388 imperaturum
756 2338 785 2374 se
797 2314 879 2389 prola!¹

111 2410 171 2457 sus,
182 2408 269 2461 neque
279 2393 468 2458 liberalitatis,
478 2408 566 2460 neque
576 2394 750 2462 clementiae,
760 2412 810 2449 nec
817 2386 879 2447 coll·

111 2469 178 2520 tatis
194 2468 303 2536 quidem
319 2466 487 2520 exhibendae
500 2468 585 2519 ullam
606 2471 782 2523 occasionem
800 2462 880 2523 oniti·

113 2541 252 2595 Graviora
260 2543 409 2610 vectigalia
420 2549 468 2593 ant
477 2543 611 2609 abolevit,
623 2551 671 2597 aut
680 2546 789 2598 minuit.
819 2542 880 2595 rm

107 2617 165 2668 mia
196 2617 349 2673 delatorum
374 2616 478 2688 Papiae
501 2617 570 2686 legis
594 2618 630 2671 ad
653 2626 768 2690 quartas
789 2612 880 2681 redtll·
