1874 3060
251 192 362 240 NERO.
399 194 475 241 GAP.
494 195 610 242 st—ae.
776 195 827 247 245

130 315 264 380 xtulisset,
281 331 340 367 esse
357 317 387 367 in
401 315 494 368 Africa
506 317 671 369 vastissimis
691 321 827 386 specubus

125 405 157 454 rs,
170 405 203 441 ac
212 405 294 456 posse
304 390 366 441 erui
374 391 491 457 parvula
501 391 673 443 molientium
684 408 778 459 opera.

120 464 203 516 xxii.
222 462 325 515 Verum
338 471 370 516 ut
383 481 445 531 spes
459 464 570 530 fefellit,
586 465 732 518 destitutus
744 472 826 536 atque

116 555 144 590 m
160 536 310 589 exhaustus
320 544 348 590 et
357 554 451 606 egens,
465 545 498 590 ut
507 540 645 606 stipendia
656 556 765 609 quoque
774 542 825 592 mi·

111 657 113 663 .
127 618 155 664 et
170 612 315 664 commoda
329 619 520 664 veteranorum
535 612 661 680 protrahi
675 630 709 666 ac
718 613 826 667 differri

106 703 143 739 sse
153 693 233 750 esset,
240 687 384 737 calumniis
395 688 554 756 rapinisque
563 688 683 741 intendit
693 690 824 741 animum.

115 763 210 813 omnia
229 761 361 825 instituit,
381 767 413 812 ut
427 777 441 813 e
457 761 618 814 libertorum
633 762 825 815 defunctorum

96 850 174 902 spro
186 836 298 886 semisse
309 835 424 886 dextans
434 836 461 886 ei
471 843 621 903 cogeretur,
634 838 750 907 quisine
760 853 825 906 pro·

91 910 120 961 di
129 924 215 961 causa
226 925 258 961 eo
269 910 379 960 nomine
389 909 518 973 fuissent,
534 926 588 976 quo
600 912 773 965 essentullae
782 911 825 963 fa-

86 999 133 1048 ae,
145 998 216 1050 quas
225 984 285 1049 ipse
296 984 482 1050 contingeret:
498 983 603 1048 deinde,
615 991 646 1036 ut
654 987 827 1054 ingratorum

82 1057 222 1125 ›rincipem
233 1063 396 1108 testamenta
407 1057 442 1109 ad
452 1058 547 1108 fiscum
557 1060 737 1125 pertinerent3
749 1076 782 1111 ac
791 1075 826 1111 ne

75 1148 141 1200 pune
156 1137 229 1183 esset
242 1131 375 1183 studiosis
387 1131 470 1196 iuris,
486 1132 535 1199 qui
549 1133 723 1199 scripsissent
731 1133 776 1185 vel
785 1134 826 1184 di·

72 1212 154 1258 ssent
164 1220 215 1256 ea:
235 1212 313 1269 tunc,
329 1212 361 1257 ut
374 1205 435 1273 lege
449 1207 601 1258 maiestatis
611 1206 687 1258 iacta
697 1208 826 1277 dictaque

67 1281 132 1344 ruia,
145 1279 247 1347 quibus
256 1280 339 1331 modo
352 1280 459 1330 delator
468 1296 524 1331 non
535 1281 649 1346 deesset,
660 1288 825 1335 tenerentur.

62 1355 182 1407 evocavit
192 1360 220 1405 et
229 1354 353 1423 praemia
363 1369 542 1417 coronarum,
558 1370 628 1422 quae
638 1371 759 1424 unquam
769 1356 825 1407 sibi

72 1429 271 1481 certaminibus
287 1428 412 1479 civitates
427 1427 597 1478 detulissent.
635 1429 672 1479 Et
686 1446 768 1497 quum
782 1431 824 1480 in·

53 1503 189 1554 rdixisset
197 1518 282 1571 ,usum
297 1500 477 1569 amethystini
490 1516 523 1552 ac
533 1502 614 1567 Tyrii
625 1502 740 1566 coloris,
751 1519 823 1554 sum-

48 1577 218 1644 tisissetque,
239 1577 288 1645 qui
305 1576 489 1627 nundinamm
509 1575 554 1626 die
574 1575 707 1641 pauculas
726 1577 823 1628 uncias

48 1651 171 1714 cuderet,
193 1650 343 1716 praeclusit
362 1655 474 1701 cunctos
494 1650 690 1715 negotiatores.
750 1649 823 1709 Quin

48 1726 111 1777 tiam
131 1726 206 1776 inter
225 1725 376 1776 canendum
396 1723 612 1775 animadversam
632 1728 787 1774 matronam
808 1739 824 1794 e

48 1799 208 1866 pectaculis,
233 1800 318 1851 vetita
338 1814 459 1867 purpura
480 1797 595 1860 cultam,
620 1797 823 1849 demonstrasse

48 1874 258 1926 recuratoribus
278 1873 335 1924 suis
357 1873 489 1925 creditur:
511 1873 715 1939 detractamque
734 1872 822 1936 illico,

48 1963 83 2000 on
91 1953 170 2001 veste
179 1948 276 2012 modo,
288 1947 336 1999 sed
347 1953 374 1999 et
383 1948 464 1998 bonis
475 1947 559 1998 exuit.
598 1946 676 1998 Nulli
686 1948 823 2015 delegavit

48 2023 163 2087 fficium,
174 2028 270 2074 utnon
281 2022 421 2085 adiiceret,
433 2019 498 2085 Seis,
510 2020 575 2088 quid
583 2020 650 2073 mibi
659 2038 721 2090 opus
731 2018 774 2084 tlt,
786 2028 821 2086 et,

48 2094 86 2149 loe
109 2112 240 2166 agamus,
265 2113 298 2148 ne
318 2095 376 2163 quis
401 2094 541 2162 quiequam
564 2094 668 2148 babeat.
717 2097 821 2148 Ultimo

48 2170 136 2239 emplis
148 2171 335 2239 compluribus
346 2171 420 2221 dona
430 2169 563 2232 detraxit,
574 2170 777 2239 simulacraque
787 2183 821 2220 ex

48 2259 95 2296 uro
104 2244 151 2297 vel
161 2251 273 2313 argento
285 2245 422 2296 fabricata
432 2242 574 2306 conflavit3
584 2244 614 2295 in
624 2242 667 2295 his
677 2243 821 2295 Penatium

48 2333 153 2383 eorum,
166 2335 236 2386 quae
246 2334 311 2370 mox
322 2318 412 2370 Galba
422 2317 551 2369 restituit.

79 2392 211 2445 XXXllI.
230 2393 387 2444 Parricidia
397 2399 425 2443 et
435 2391 532 2444 caedes
548 2406 565 2441 a
576 2390 693 2441 Claudio
704 2403 820 2441 exorsus

48 2473 76 2533 rt,
97 2467 177 2519 nnus
196 2468 271 2519 necis
291 2467 343 2518 etsi
361 2482 418 2518 non
438 2473 547 2530 auctor,
564 2471 593 2516 et
608 2463 735 2516 conscius
747 2461 820 2523 fuit3

48 2557 113 2610 eque
128 2541 346 2602 dissimulanter,
362 2540 451 2607 utqui
465 2540 587 2602 boletos,
598 2539 628 2589 in
639 2553 692 2606 quo
705 2537 762 2588 cibi
775 2550 821 2604 ge-

48 2630 91 2670 tre
107 2631 241 2670 venenum
260 2617 286 2666 is
306 2621 461 2681 acceperat,
482 2614 563 2680 quasi
582 2612 695 2664 deornm
716 2611 820 2675 cibum,

48 2687 143 2744 isthec
164 2689 312 2759 proverbio
334 2687 442 2741 Graeco
467 2686 627 2740 collaudare
650 2687 688 2738 sit
711 2684 819 2738 solitus.
