1874 3060
270 206 400 255 GALBA.
435 206 515 255 Cdi'.
535 208 634 253 o-12.
798 209 849 261 271

53 324 130 377 bello
142 323 293 394 delegerat,
312 334 438 397 repertus
451 334 494 381 est
503 328 621 380 annulos
631 343 713 397 opere
724 331 849 398 antiquo,

54 399 198 467 sculptura
216 414 339 467 gemmae
358 402 512 457 Victoriam
532 418 594 455 cum
617 410 734 469 tropaeo
759 405 850 470 expri-

54 480 154 527 mente.
191 475 231 527 Ac
254 476 369 530 subinde
387 477 575 531 Alexandrina
597 478 677 529 naris
701 476 850 529 Dertosam

55 548 177 617 appulit,
190 550 274 601 armis
285 558 396 617 onusta,
410 553 469 605 sine
478 552 676 620 gubernatore,
697 552 757 601 sine
766 557 852 601 nauta

56 628 210 676 ocvectore
227 624 300 690 uilo,
322 632 355 676 ut
373 627 478 678 neniini
500 627 614 679 dubium
639 632 724 688 esset,
748 625 852 675 iustam

55 696 187 765 piumque
195 703 225 749 et
233 697 388 752 faventibus
403 701 456 751 diis
466 700 568 752 bellum
579 701 697 768 suscipi3
718 714 800 765 quum
810 713 852 749 re·

56 776 138 840 pente
147 786 181 824 ex
190 770 335 841 inopinato
346 789 433 841 prope
443 781 542 825 cuncta
555 776 668 826 turbata
677 779 751 824 sunt.
789 772 852 823 Ala·

56 860 118 897 rom
128 844 217 897 ultera
226 849 325 899 caenis
336 849 610 916 appropinquantem,
615 848 786 916 poenitentia
795 863 853 898 niu·

57 919 299 986 tatisacramenti,
314 923 463 975 destituere
479 929 645 987 conataest,
666 937 802 990 aegreque
811 936 854 973 re·

57 994 174 1049 main
184 995 291 1047 officio:
311 1004 339 1049 et
349 998 435 1061 servi,
456 1012 525 1064 quos
540 1012 558 1047 a
572 997 672 1048 liberto
683 997 803 1049 Neronis
818 994 854 1046 ad

57 1068 183 1121 fraudem
193 1079 374 1138 praeparatos
384 1072 491 1123 muneri
501 1076 654 1138 acceperat,
664 1086 714 1137 per
725 1071 854 1137 angipor-

58 1150 115 1195 tum
124 1142 156 1193 in
165 1142 265 1197 balnea
274 1152 459 1197 transeuntem
470 1161 557 1212 paene
571 1146 780 1205 interemerunt;
799 1143 855 1194 nisi

60 1214 271 1270 cohortantibus
289 1220 418 1285 invicem,
438 1235 473 1271 ne
494 1220 668 1271 occasionem
688 1219 855 1280 auritterent,

60 1292 306 1360 interrogatisque,
327 1294 360 1345 de
370 1310 427 1361 qua
441 1295 588 1346 occasione
598 1293 789 1361 loquerentur,
810 1306 856 1343 ex·

59 1380 155 1433 pressa
164 1367 289 1427 cruciatu
299 1367 436 1419 confessio
448 1374 528 1420 esset.

114 1439 165 1491 xi.
184 1439 307 1492 Accessit
321 1442 357 1493 ad
371 1448 450 1493 tanta
465 1442 625 1492 discrimina
635 1456 710 1491 mors
719 1439 856 1501 Vindicis,

61 1528 116 1583 qus
124 1515 245 1567 manare
255 1522 459 1578 consternatus,
474 1514 662 1580 destitutoque
673 1513 786 1574 similis,
800 1528 856 1563 nou

61 1588 176 1641 multum
186 1588 270 1653 aiuit,
286 1590 351 1657 quin
360 1590 434 1643 vitae
444 1588 626 1639 renunciaret.
666 1586 719 1637 Sed
730 1600 856 1651 superve-

61 1662 201 1717 manebus
212 1664 246 1716 ab
257 1664 329 1715 Urbe
339 1664 456 1726 nunciis,
466 1668 498 1712 ut
508 1662 628 1712 occisum
635 1659 782 1720 Neronem,
794 1674 857 1709 crtu-

63 1738 311 1805 ctosqneinrerba
320 1753 372 1789 sua
381 1739 489 1789 iurasse
504 1735 648 1802 cognovit,
669 1733 798 1800 deposita
806 1730 858 1783 ce-

61 1812 123 1881 gsts'
142 1812 266 1879 suscepit
285 1810 407 1863 Caesaris
427 1810 651 1878 appellationem.
689 1806 798 1874 iterque
818 1806 859 1856 in·

63 1901 174 1953 gressus
183 1892 227 1937 est
235 1886 392 1955 paludatus,
398 1902 431 1937 ac
441 1884 609 1952 dependente
620 1899 637 1934 a
647 1882 800 1935 cervicibus
811 1896 858 1947 pu·

64 1960 145 2027 [ione
160 1966 224 2011 ante
239 1966 346 2026 poctns;
369 1976 420 2011 neo
434 1961 511 2028 prius
525 1974 605 2011 usum
620 1966 702 2024 togae
716 1971 859 2022 recupera-

63 2035 109 2099 rit,
116 2049 200 2102 quam
212 2034 359 2102 oppressis,
371 2035 419 2100 qui
428 2049 515 2086 novas
525 2049 569 2085 res
578 2033 772 2095 moliebantur,
782 2046 860 2097 prae·

63 2106 136 2161 iecto
157 2109 293 2176 praetorii
307 2106 477 2175 Nymphidio
493 2106 596 2159 Sabino
610 2107 728 2169 Romae,
748 2108 778 2157 iu
794 2104 860 2155 Ger-

65 2182 158 2235 mania
170 2181 290 2235 Fonteio
307 2182 456 2251 Capitone,
474 2181 504 2233 iu
520 2180 615 2234 Africa
634 2181 734 2233 Clodio
753 2180 860 2237 Macro,

65 2256 174 2325 legatis.
291 2262 294 2267 ’

119 2330 184 2383 xu.
204 2330 397 2383 Praecesserat
407 2329 441 2382 de
451 2345 484 2381 eo
500 2328 577 2383 fama
586 2328 719 2381 saevitiae
729 2322 812 2375 simui
823 2328 862 2371 at-

66 2421 118 2474 que
138 2406 289 2459 avaritiae:
315 2404 391 2474 quod
405 2404 530 2457 civitates
541 2402 740 2471 Hispaniarum
757 2395 863 2446 Gallia-

65 2494 191 2549 rumque,
202 2495 274 2549 quae
284 2480 457 2531 mmctantitrs
467 2479 523 2531 sibi
533 2480 719 2536 accesserant,
729 2468 864 2537 graviori·

64 2556 117 2608 bus
126 2555 256 2619 tributis,
276 2553 410 2621 quasdam
424 2553 507 2605 etiam
523 2565 663 2603 murorum
679 2543 865 2599 destructione

65 2630 207 2699 punisset;
227 2634 256 2682 et
268 2628 444 2696 praepositos
459 2632 707 2694 procuratoresque
726 2616 865 2684 supplicio

67 2705 170 2777 capitis
178 2702 320 2757 affecisset
328 2718 391 2757 cum
401 2702 565 2769 coniugibus
575 2714 608 2751 ec
618 2695 714 2749 liberis
719 2708 727 2759 ;
739 2690 867 2760 quodque
