1822 3068
113 110 146 161 88
390 112 417 158 0.
439 110 631 160 SUETONH

130 227 197 283 ΛΨ
209 228 304 292 desios
314 228 415 297 ἄγαμός
423 228 445 282 τ’
456 233 552 294 ipsvm,
561 229 656 305 ἅχονὸς
666 227 688 285 τ’
699 228 865 287 ἀπολέσθω

114 325 166 361 nec
175 308 256 361 aliter
267 324 315 362 eos
326 309 477 377 appellare,
498 324 581 378 quam
594 309 647 361 tris
660 309 787 363 vomicas
797 312 893 365 emen·

114 383 370 435 carcinomatasua.

169 456 268 509 vat.
286 458 430 509 Amicitias
447 472 536 526 neque
553 456 636 509 facile
655 456 782 523 admisit,
802 464 829 511 et
840 472 889 511 eos·

112 532 281 585 stantissime
293 532 418 593 retinuit;
441 547 497 583 non
510 537 616 583 tantum
630 532 747 583 virtutes
761 547 795 585 ac
807 533 888 585 muita

113 608 246 675 cuiusque
256 606 338 674 digne
351 612 525 673 prosecutus,
546 605 595 657 sed
608 605 683 661 vitia,
692 621 803 675 quoqne
816 614 843 659 ct
852 606 886 660 dt·

111 682 191 745 licta,
208 680 341 731 duntaxat
350 680 473 744 nrodica,
484 695 637 749 perpessus.
675 679 885 748 Nequoeuinto-

110 771 186 807 mere
199 768 234 806 ex
248 755 324 806 omni
337 770 450 806 numero
465 756 494 805 in
510 755 634 805 amicitia
647 753 707 805 eius
722 752 883 823 afflietirepe·

111 831 227 892 rientur,
247 835 357 896 praeter
366 829 552 881 Salvidienum
561 827 676 892 Rufum,
696 844 778 898 quem
792 829 882 883 adeat·

111 903 231 954 sulatum
239 919 335 973 nsque,
347 911 374 955 et
384 904 540 955 Cornelium
552 902 676 967 Gallum,
686 919 769 971 quem
778 903 814 955 ad
821 916 882 973 pm

109 977 243 1029 secturam
252 978 383 1046 Aegypti,
397 993 431 1030 ex
439 978 534 1028 intima
542 983 688 1045 utrumque
696 976 822 1043 fortuna,
834 990 881 1046 pn·

109 1059 229 1105 vexerat.
269 1054 392 1113 Quonam
412 1052 541 1116 alterum,
565 1067 610 1104 res
627 1066 715 1102 novas
734 1052 880 1115 molientn,

110 1127 293 1178 damnandum
303 1128 412 1178 senatui
420 1126 548 1178 tradidit:
569 1126 662 1190 alteri,
679 1125 881 1195 obingratuntt

108 1200 273 1252 malevolum
283 1202 417 1265 animum,
430 1201 512 1253 domo
523 1206 551 1253 et
560 1200 711 1268 provinciis
720 1202 779 1253 suis
787 1196 880 1259 insuti

108 1276 160 1326 xit.
197 1275 252 1327 aed
267 1274 350 1328 Gallo
369 1291 478 1343 qnoque
496 1281 524 1327 et
542 1281 734 1327 accusatorum
754 1272 880 1328 deumne

108 1350 280 1401 tionibuset
299 1357 409 1402 senatus
430 1349 564 1403 consultis
584 1350 619 1400 ad
634 1365 728 1401 necem
746 1348 879 1419 compunt.

108 1423 233 1477 laudarit
242 1426 351 1491 quidem
361 1426 492 1492 pietatem
501 1430 645 1492 tantopere
654 1439 706 1491 pro
717 1439 747 1477 se
756 1424 880 1493 unguo

107 1499 190 1551 tium:
206 1506 324 1552 ceterum
334 1507 362 1552 et
371 1499 549 1551 illacrimarit
557 1505 585 1550 et
594 1499 681 1550 vicem
691 1512 772 1551 suam
782 1510 879 1567 cone*

108 1580 168 1625 stus
177 1580 233 1639 est,
253 1575 323 1640 quod
334 1573 386 1625 riti
398 1573 446 1626 seli
458 1590 511 1625 non
523 1573 625 1635 liceret,
646 1570 751 1637 amicir,
772 1582 880 1641 pssum

107 1650 190 1712 veltet,
199 1648 289 1701 daci.
315 1648 426 1716 Reliqui
434 1649 559 1716 potentia
569 1653 650 1715 atque
661 1648 762 1714 opibus
772 1648 879 1701 adiu

107 1725 195 1787 vitae,
218 1723 263 1774 sni
282 1723 413 1790 cariusque
433 1723 539 1775 ordinis
562 1723 713 1789 principes,
737 1722 879 1781 ilerum

109 1811 264 1864 quanquam
274 1802 302 1848 et
312 1794 425 1848 offensis
434 1797 684 1849 intervenientibus.
723 1792 880 1851 Demersit

108 1872 180 1922 euim
199 1885 406 1937 nonnunquam,
426 1887 461 1923 ne
481 1871 514 1923 de
528 1871 652 1938 pluribus
666 1870 798 1939 referam,
817 1864 879 1925 ert.

106 1945 245 2012 Agrippae
254 1945 428 2012 patientiam,
449 1951 477 1997 et
485 1946 653 1998 Maecenatis
667 1948 879 2003 taeiuunitstnt

108 2036 191 2088 quum
200 2020 249 2072 ille
259 2035 293 2072 ex
302 2020 357 2072 levi
366 2020 478 2089 frigoris
489 2021 653 2088 suspicione,
665 2026 692 2072 et
703 2014 879 2089 quoduam]-

107 2096 151 2145 lus
165 2095 220 2146 sibi
233 2094 425 2161 anteferretur,
445 2090 595 2162 Mytilenas
608 2111 638 2146 se
651 2095 758 2155 relictis
772 2094 879 2149 omnm

109 2170 281 2234 contulisse
301 2168 347 2222 hic
357 2177 490 2223 secretum
501 2171 534 2222 de
546 2170 822 2237 compertaMurenae
830 2180 879 2221 ool·

107 2246 246 2297 iuratione
264 2246 348 2296 uxori
366 2246 511 2297 Terentiae
534 2244 712 2311 prodidisset.
753 2242 880 2314 Exegit&

107 2320 167 2387 ipse
176 2321 292 2372 invicem
304 2321 339 2371 ab
350 2321 447 2371 amicis
457 2319 675 2371 benevolentiam
684 2325 820 2384 mutuam,
835 2324 879 2369 n·

107 2409 125 2444 a
140 2394 287 2458 defunctis,
308 2410 390 2462 quam
406 2411 423 2446 a
436 2394 515 2447 viris.
553 2393 624 2445 Nam
644 2395 769 2461 quamvis
788 2392 880 2447 mnu

108 2475 249 2536 appeteret
262 2467 440 2533 hereditates,
460 2475 492 2521 ut
506 2469 554 2536 qui
567 2483 707 2535 nimquam
717 2484 752 2521 ex
760 2466 879 2537 ignotite

107 2551 242 2596 stomento
262 2558 360 2611 capere
379 2545 525 2611 quicquam
549 2543 723 2608 sustinuerit,
747 2544 880 2595 amioum!

106 2625 196 2668 tannen
210 2633 338 2687 suprema
351 2618 455 2670 iudicia
468 2617 655 2669 morosissime
669 2617 828 2688 pensitarit;
846 2624 879 2667 nt·
