1822 3068
198 193 456 251 ocrsvrsn’ua
490 203 701 252 csr.to-ss.
815 201 848 255 9⁷

78 324 241 393 cavalca,
261 328 340 380 cuius
350 325 461 393 dolore,
482 326 598 380 calculis
613 326 720 379 demum
734 342 783 396 per
791 329 847 381 mi·

76 402 232 468 urneisctis,
243 401 396 454 levabatur.

115 474 237 528 lxxxi.
258 475 363 528 Graves
378 480 406 528 et
419 475 590 545 periculosas
609 474 781 528 valetudines
798 493 847 545 per

76 562 162 603 omem
174 551 261 602 ritum
275 550 384 620 aliquot
397 557 524 619 expertus
539 556 594 613 ast3
613 550 761 618 praecipue
776 551 844 602 Can·

76 623 147 675 lebria
155 624 269 690 domita,
281 640 363 694 quum
374 625 470 690 etiam,
481 624 710 676 distillationibus
720 624 844 678 iocinore

76 697 165 764 tiliato,
186 699 222 751 a'd
236 700 455 768 desperationem
473 699 614 764 redactus,
636 699 804 751 contrariam
817 706 845 751 et

76 773 200 841 ladpibem
209 775 346 826 rationem
356 774 483 825 medendi
492 774 648 826 necessario
659 775 757 839 subiit,
778 775 845 844 qula

76 846 146 898 ualida
157 848 281 901 fomenta
294 863 351 900 non
369 849 530 916 proderant,
549 848 659 916 frigidis
674 849 764 901 curari
780 863 843 900 coa·

76 924 129 986 dus,
142 902 256 975 auctore
263 922 383 975 Antonio
392 922 484 974 Musa.
523 922 662 984 Quasdam
678 929 706 974 et
720 924 843 976 anniver-

76 995 142 1049 Μαι
161 1012 195 1049 ac
212 1002 336 1066 tempore
356 1002 430 1050 certo
454 1003 623 1049 recurrentes
643 999 843 1065 experiebatur.

76 1066 127 1121 lan
134 1071 184 1125 sub
192 1073 313 1124 natalem
324 1088 403 1123 suum
412 1072 570 1141 plerumque
580 1071 740 1140 languebat3
755 1079 783 1124 et
791 1073 843 1123 ini-

76 1142 175 1198 bearis
183 1146 410 1216 praecordiorum
419 1145 562 1199 inflatione
572 1147 737 1210 tentabatur,
744 1147 843 1197 austri·

76 1216 104 1269 sis
111 1225 196 1273 amm
204 1221 413 1288 tempestatibus
423 1220 578 1288 gravedine.
609 1220 700 1282 Quare
711 1227 841 1289 quassato

76 1294 387 1421 »mffiuenfpigora
399 1310 493 1420 npque'
501 1301 593 1346 aestus
602 1293 685 1348 facile
694 1294 841 1421 tuluppam.

237 1406 245 1421 .
300 1385 358 1421 eme
386 1383 423 1420 ua
436 1385 508 1422 ernas
519 1385 579 1420 curo
590 1385 686 1437 pmgm
707 1384 761 1437 oga
832 1401 842 1411 -

76 1440 198 1505 Qetsub
208 1443 343 1496 subucula
356 1387 469 1496 tflorace
483 1444 577 1506 laneo,
593 1443 805 1496 etseminalibus
815 1451 843 1495 et

76 1514 193 1570 binubos
205 1518 392 1582 muniebatur;
413 1522 517 1570 aestate
533 1517 634 1584 apertis
646 1517 765 1568 cubiculi
774 1517 841 1569 lori-

76 1586 152 1655 lmc
159 1608 243 1661 saepe
251 1592 283 1644 in
292 1592 436 1662 peristylio
448 1591 564 1643 saliente
575 1605 656 1659 aqua,
667 1594 748 1659 atque
758 1592 841 1642 etiam

76 1665 199 1720 initiante
209 1667 314 1737 aliquo,
321 1667 448 1720 cubabat.
460 1665 534 1719 Solis
543 1680 609 1717 vero
620 1680 654 1716 ne
664 1661 772 1716 hiberni
783 1665 841 1732 qui-

76 1734 242 1811 inpatiens,
254 1741 330 1794 domi
340 1757 450 1812 quoque
459 1740 572 1793 nonnisi
581 1743 721 1808 petasatus
731 1738 782 1791 sub
794 1738 840 1790 dio

76 1815 232 1879 sedabatur
269 1815 372 1869 itinera
381 1816 492 1881 lectica,
504 1820 531 1868 et
540 1815 668 1867 noctibus
676 1813 743 1879 fere,
755 1828 842 1883 eaque

76 1882 166 1943 hisae
175 1892 282 1943 minuta
292 1890 424 1956 iaciebat,
443 1896 475 1943 ut
484 1889 632 1942 Praeneste
644 1888 689 1941 vel
698 1889 787 1942 Tibur
799 1889 841 1942 bl·

76 1956 288 2035 luoprocederet
325 1965 365 2017 Ac
379 1966 471 2034 siquo
490 1964 630 2034 pervenire
648 1964 719 2016 mari
737 1971 840 2033 posset,

76 2037 143 2099 lilim
152 2039 311 2108 navigabat.
348 2037 451 2091 Verum
464 2044 569 2091 tantam
582 2038 768 2093 infirmitatem
783 2056 840 2092 rna·

76 2115 331 2178 muratorium,
350 2114 380 2165 in
393 2112 490 2183 primis
502 2113 615 2165 lavandi
624 2114 747 2168 raritate.
785 2116 840 2168 Un-

76 2183 166 2246 sebatur
175 2191 248 2242 enim
259 2188 381 2257 saepius,
394 2194 441 2239 aut
450 2187 569 2240 sudabat
578 2188 615 2239 ad
624 2188 774 2252 flammam3
794 2189 840 2241 de·

76 2252 118 2313 hle
125 2263 339 2330 perfundebatur
348 2262 456 2332 egelida
469 2277 553 2332 aqua,
572 2263 617 2315 vel
630 2264 690 2316 sole
703 2262 790 2314 multo
801 2270 840 2314 te·

76 2332 167 2393 meaa.
205 2338 243 2390 At
257 2339 365 2406 quoties
379 2351 525 2390 nervorum
540 2353 624 2390 causa
633 2337 747 2388 marinis
757 2336 840 2387 Albu-

76 2399 139 2477 llque
149 2413 248 2465 calidis
256 2413 386 2464 utendum
397 2417 481 2477 esset,
503 2418 645 2464 contentus
655 2409 709 2463 hoc
723 2415 795 2474 erat,
808 2416 841 2461 ut

76 2485 172 2540 olims
181 2488 276 2556 ligneo
287 2487 370 2552 solio,
382 2486 456 2557 quod
465 2487 525 2556 ipse
535 2487 687 2555 Hispanico
698 2484 782 2536 verbo
794 2483 840 2535 dec·

76 2564 136 2613 tam
144 2564 272 2628 vocabat,
283 2578 380 2615 manus
391 2578 424 2615 ac
433 2562 516 2630 pedes
527 2561 640 2613 alternis
649 2560 774 2611 iactaret.

108 2634 257 2690 LXXXlll.
281 2637 501 2690 Exercitationes
525 2639 690 2703 campestres
709 2648 841 2701 equorum

76 2702 226 2766 larmorum
236 2713 330 2766 meum
340 2718 405 2783 post
414 2711 507 2765 civilia
516 2709 591 2764 bella
600 2708 707 2774 omisit,
719 2714 746 2760 et
756 2708 791 2760 ud
801 2709 841 2779 pl·

86 2802 220 2853 Soanos.
623 2804 646 2853 t}
