1874 3060
85 208 135 258 22²
362 208 390 253 C.
413 207 603 254 SUETONH

77 334 151 397 tuit,
173 332 238 400 quin
249 343 282 382 ex
292 330 439 382 intervallo
448 330 564 381 subinde
572 329 643 381 facti
650 329 852 381 reminisceretur

85 405 289 474 cachinnosque
305 411 457 457 revomret
494 405 526 455 ln
544 404 703 472 principatu
722 419 835 472 quoqne

84 480 196 547 scripsit
205 480 365 548 plurimum,
385 485 414 531 et
423 479 534 531 assidue
543 479 671 531 recitarit
679 493 729 546 per
737 479 852 531 lectores

84 556 196 607 Initium
207 563 297 606 autem
308 555 425 620 sumpsit
438 551 571 605 historiae
581 559 648 621 post
655 552 768 604 enodem
778 554 850 605 Caes

84 631 124 680 ris
135 629 288 681 dictatoris.
327 627 381 679 Sed
391 635 420 680 et
430 628 543 679 transiit
552 628 588 679 sd
599 627 733 679 interiora
742 634 852 697 tempor

86 705 336 772 coepitqueapsoe
346 703 434 766 uirili,
454 719 537 770 quum
547 704 673 766 sentiret,
692 702 852 770 nequelilsso

84 794 173 847 neque
181 794 245 830 vere
258 778 314 829 sibi
329 778 362 829 de
377 778 567 844 superioribus
575 776 704 828 mdendi
713 782 852 845 potestate

83 853 218 916 relietum,
225 858 368 918 correptus
377 867 460 920 saepe
470 858 498 904 et
507 867 525 902 u
534 858 621 903 matre
631 857 658 902 et
668 853 704 903 ab
715 852 788 902 urin.
799 849 852 903 Pru

83 928 124 978 ris
133 927 265 979 ussterise
275 927 330 978 duo
340 926 494 990 volumina,
505 927 669 994 posterioris
678 942 764 976 unum
774 932 803 977 et
813 941 852 993 qm

84 1002 213 1069 dregintn
222 1001 342 1069 reliquit
382 1001 545 1068 Composuit
553 1007 581 1053 et
591 1000 745 1051 devitasse
755 1006 820 1052 octo
830 1015 852 1051 v·

83 1077 197 1140 lumina,
208 1077 295 1144 magis
305 1077 396 1142 inopte
407 1091 489 1144 quam
498 1075 680 1142 ineleganter:
694 1077 761 1127 item
772 1073 852 1127 Cicer«

83 1150 126 1202 πίε
135 1150 309 1222 defensionem
319 1151 440 1201 aduersus
450 1149 540 1200 Asinii
550 1149 621 1201 Gaui
630 1149 721 1211 libros,
739 1150 809 1201 satis
818 1165 852 1201 en

84 1226 179 1276 ditans.
218 1224 312 1276 Novas
323 1225 406 1275 etism
418 1232 586 1276 commentus
596 1231 639 1275 est
647 1224 743 1275 literas
753 1231 824 1288 tres,
845 1239 852 1274 s

83 1315 196 1350 numero
207 1305 336 1362 veterum,
347 1300 427 1366 quasi
437 1300 556 1350 maxime
564 1299 744 1363 necessarias,
756 1298 852 1350 addidi

85 1375 119 1426 de
139 1388 253 1440 quarum
272 1374 381 1425 rationo
401 1390 485 1442 quum
503 1375 628 1441 privatus
647 1371 738 1424 adhue
750 1373 852 1425 volum«

84 1447 224 1512 edidisset,
234 1463 300 1500 mox
309 1449 437 1515 princeps
446 1464 502 1499 non
513 1449 660 1500 diffiesslter
669 1449 800 1510 obtinuit,
810 1454 853 1499 nt:

84 1539 136 1573 usu
147 1539 257 1591 quoque
266 1523 423 1590 promiscuo
434 1530 533 1574 essent.
557 1523 656 1574 Exstat
664 1523 732 1574 tslis
741 1524 852 1591 scriptur

84 1599 114 1648 iu
124 1596 263 1665 plerisque
274 1596 354 1648 libris
365 1613 398 1648 nc
408 1598 523 1662 diurnis,
533 1597 677 1666 titulisque
689 1614 813 1664 operum.

138 1670 226 1722 xiil.
246 1671 304 1724 Neo
322 1672 428 1724 minore
447 1688 514 1723 orno
528 1671 636 1724 Graeca
654 1673 748 1723 studia
767 1678 852 1724 seeuts

84 1755 138 1810 est,
169 1762 289 1797 amorem
319 1748 569 1815 praestantiamque
594 1747 705 1814 liuguae
729 1747 852 1799 oooasior

85 1820 160 1871 omni
170 1820 321 1886 professus.
359 1821 474 1871 Cuidsm
485 1821 620 1886 barbaro,
639 1837 738 1889 grseoe
753 1828 782 1873 et
792 1821 852 1873 latit

83 1895 240 1954 disserenti,
258 1893 344 1957 Quum
354 1903 478 1960 ostroque,
492 1896 595 1963 inquit,
615 1913 732 1948 musone
742 1904 853 1949 nostros

78 1977 201 2037 paratus.
239 1967 277 2018 Et
289 1969 319 2018 in
334 1969 551 2020 commendanda
567 1971 692 2038 putribus
713 1972 852 2039 conscript

83 2040 199 2105 Aehnin,
209 2052 318 2110 patum
327 2042 559 2110 sids'proos'sos'om,
571 2047 624 2109 ait,
636 2046 812 2097 communium
822 2055 852 2097 sto

83 2116 187 2167 diorum
196 2117 358 2169 commercio.
397 2118 437 2168 Ae
448 2134 531 2185 saepe
544 2120 574 2170 in
590 2128 687 2171 senatu
701 2121 802 2188 tegatis
818 2135 851 2187 pe

83 2197 167 2258 petua
182 2191 309 2243 oratione
323 2193 474 2258 respondit.
512 2193 630 2245 Multum
643 2190 711 2246 reso
725 2211 776 2262 pro
791 2195 852 2246 tribu

84 2265 144 2317 usli
153 2266 236 2317 etism
246 2266 404 2318 Homericis
413 2267 522 2319 loeutus
533 2275 575 2320 est
587 2271 722 2320 versibus.
762 2269 852 2331 Quotin

84 2339 193 2407 quidem
204 2339 311 2393 hostem
321 2342 365 2393 vel
374 2342 565 2394 insidiatorem
575 2343 650 2394 ultus
660 2350 745 2408 esset,
766 2343 852 2395 exsul

81 2416 139 2466 tori
148 2416 273 2479 tribuno,
295 2417 401 2484 signum
413 2417 446 2469 de
460 2433 536 2470 more
546 2419 685 2485 poscenti,
704 2434 761 2470 non
775 2425 852 2470 temer

82 2490 157 2540 uliud
169 2490 252 2555 dedit,
263 2507 344 2559 quum

112 2559 197 2631 ''niodp’
209 2562 406 2622 inopinatum,
416 2559 459 2614 ὅτε
467 2583 506 2622 τις
517 2563 643 2634 πρότερος
650 2564 810 2635 χαλεπαίνῃ.

81 2639 207 2706 Denique
217 2646 245 2691 et
255 2640 377 2694 Graecas
386 2641 497 2708 scripsit
510 2640 650 2706 historias,
663 2640 852 2711 Τυῆῥηνικῦη

67 2714 153 2780 giuti,
164 2713 375 2784 Καρχηδονικῶν
385 2723 459 2771 ooto.
492 2717 614 2780 (iussum
624 2733 709 2770 osnsn
718 2717 807 2770 reteri
814 2716 852 2768 sl
