1874 3060
241 184 355 233 Nouo.
392 186 470 232 CAP.
490 186 530 234 33.
549 188 589 233 34.
771 184 822 237 m

137 324 168 372 e,
190 307 372 367 contubernio
390 323 500 376 quoqne
524 323 558 359 ac
575 307 686 361 Palatio
708 310 822 378 expulit.

132 383 163 433 in
173 381 327 433 diuexanda
338 381 484 449 quicquam
493 383 573 448 pensi
582 381 687 448 habuit,
698 385 823 439 summis·

126 477 130 507 a
145 456 193 524 qui
205 455 311 508 Romae
323 462 476 507 morantem
490 455 599 520 litibus,
620 463 648 508 et
665 457 695 508 in
714 473 824 510 secessu

121 536 214 583 entem
233 544 283 597 per
302 529 428 581 convicia
447 536 475 582 et
493 531 585 594 iocos,
605 536 680 582 terra
699 531 824 600 marique

116 602 279 668 rrvehentes,
289 604 483 673 inquietarent.
516 603 619 656 Verum
629 605 711 655 minis
721 605 781 656 eins
792 616 825 657 ac

111 679 164 730 nia
177 679 290 729 territus
304 677 417 745 perdere
431 679 538 730 statuit.
575 678 612 730 Et
626 695 710 749 quum
718 694 824 731 veneno

105 758 232 817 uitasset,
243 753 409 821 sentiretque
421 753 553 804 antidotis
563 754 772 821 praemunitam,
783 753 824 805 la·

100 828 158 891 ria,
175 842 246 895 qnae
258 832 344 877 noctu
361 842 444 894 super
464 826 643 880 dormientem
658 829 753 879 laxata
767 842 824 878 ma·

95 917 112 954 a
122 900 288 964 deciderent,
299 900 415 966 paravit.
436 900 499 952 Hoc
509 903 627 954 consilio
638 919 688 970 per
698 902 824 955 conscios

89 991 128 1027 rns
139 975 242 1039 celato,
257 974 395 1025 solutilem
411 990 521 1038 navem,
537 976 615 1027 cuius
624 976 669 1028 vel
676 975 823 1044 naufragio

95 1064 220 1102 camerae
240 1049 320 1099 urina
334 1049 448 1115 periret,
465 1056 633 1101 commentus
648 1056 698 1102 est.
736 1051 825 1119 Atque

93 1122 322 1195 reconciliatione
342 1122 490 1186 simulata,
511 1123 716 1188 iucundissimis
736 1123 825 1175 literis

74 1197 117 1249 las
136 1197 262 1249 evocavit
281 1196 317 1246 ad
335 1196 482 1249 sollemnia
503 1196 723 1266 Quinquatruum
742 1197 827 1248 simul

68 1270 215 1333 rebranda3
235 1270 355 1339 datoque
365 1271 477 1338 negotio
488 1271 655 1336 trierarchis‚
668 1272 716 1340 qui
725 1270 824 1324 Libur-

63 1361 136 1410 cam,
157 1360 213 1414 qua
232 1345 347 1397 advecta
367 1350 437 1409 erat,
458 1345 533 1397 velut
551 1345 667 1399 fonnito
689 1361 826 1399 concursu

58 1419 248 1487 infringerent,
269 1419 407 1486 protraxit
426 1419 589 1472 convivium.
628 1420 826 1489 Repetentique

53 1494 138 1546 aulos
151 1495 182 1545 in
195 1494 287 1545 locum
301 1493 424 1561 corrupti
438 1493 543 1559 navigii
557 1491 745 1544 machinosum
754 1493 826 1544 illud

48 1569 147 1632 btulit,
162 1566 249 1619 hilare
264 1572 425 1635 prosecutus
437 1583 444 1628 3
465 1570 547 1632 atque
560 1567 589 1616 in
600 1567 724 1633 digressu
737 1566 826 1639 papil-

48 1659 74 1695 ιο
84 1657 195 1712 qnoque
205 1641 393 1704 exosculatus,
408 1640 543 1707 reliquum
553 1640 685 1708 temporis
697 1654 758 1690 cum
768 1655 825 1691 nra·

48 1733 85 1769 ua
94 1716 282 1784 trepidatione
291 1715 430 1782 vigilavit,
443 1714 587 1780 opperiens
598 1718 759 1780 coeptorum
769 1714 826 1765 exi·

48 1807 98 1844 urn.
130 1789 184 1842 Sed
194 1795 226 1840 ut
235 1789 344 1840 diversa
354 1789 455 1852 omnia,
467 1787 614 1855 nandoque
623 1787 744 1838 evasisse
755 1802 825 1851 eam,

48 1865 180 1934 onnpen’t,
190 1865 272 1931 inops
283 1862 405 1927 consilii,
416 1860 450 1912 L.
461 1862 608 1928 Agerinum
618 1862 746 1914 libertum
756 1861 825 1926 eius,

48 1940 139 1991 aivam
153 1944 181 1990 et
194 1936 360 1989 incolumem
375 1952 436 1988 cum
449 1936 553 2004 gaudio
569 1936 757 2001 nunciantem,
779 1936 825 1987 ab·

48 2021 104 2066 ecto
121 2013 193 2065 clam
206 2013 285 2063 iuxta
297 2010 429 2078 pugione,
448 2016 482 2062 ut
494 2027 683 2079 percussorem
694 2011 749 2063 sibi
762 2011 825 2062 snb-

48 2093 161 2150 rnatnm
177 2086 263 2153 arripi
278 2085 483 2152 constrlngiqne
497 2085 590 2151 iussit,
602 2092 770 2156 matremque
781 2101 825 2139 oc·

48 2161 102 2226 idi,
121 2161 204 2230 quasi
223 2158 419 2227 deprehensum
439 2159 541 2210 crimen
561 2161 719 2213 voluntaria
737 2165 825 2212 morte

48 2236 155 2301 itasset.
193 2234 337 2285 Adduntur
356 2231 399 2284 his
420 2234 573 2299 atrociora,
588 2251 638 2287 nec
651 2232 764 2285 incertis
778 2246 826 2283 au·

48 2309 174 2362 toribus:
199 2308 235 2360 ad
253 2307 396 2360 visendum
414 2306 576 2360 interfectae
596 2304 720 2360 cadaver'
732 2319 826 2357 accru-

48 2384 114 2449 lsse,
135 2388 321 2447 contrectasse
340 2382 474 2446 membra,
495 2383 553 2434 alia
565 2383 748 2450 vituperasse,
769 2377 827 2429 alin

48 2458 175 2523 andum,
196 2457 297 2525 sitique
315 2456 426 2508 interim
439 2457 556 2522 ‚oborta,
576 2456 690 2508 bibisse.
730 2450 826 2520 Neque

48 2528 125 2586 enen
138 2531 250 2584 sceleris
265 2531 472 2613 copscientiam,
494 2544 649 2600 quanquam
664 2532 693 2579 et
708 2524 827 2576 militum

48 2612 61 2661 t
73 2613 189 2661 matus
201 2604 352 2675 populique
365 2605 599 2672 gratulationibus
610 2601 826 2660 confirmaretur,

48 2687 82 2735 nt
100 2681 196 2739 utin
216 2687 266 2733 aut
282 2694 402 2747 unquam
422 2685 520 2746 postea
539 2678 611 2731 terre
630 2675 828 2746 potuit‚aoepe
