1874 3060
57 667 257 722 UETONH
281 668 592 732 Tunuoulnm

262 821 299 858 DE

59 936 259 1004 TRIBUS
295 936 678 1004 GRAMMATICIS

137 1092 422 1141 nsnnnuus

58 1386 184 1437 mmaties
197 1385 301 1438 Romee
314 1400 349 1438 ne
362 1386 392 1437 in
405 1400 459 1437 usu
474 1385 584 1455 quidem
600 1387 677 1452 oiim,

58 1477 133 1512 more
144 1461 202 1512 ullo
213 1465 291 1523 erat3
310 1459 374 1511 rudi
384 1460 491 1512 scilieet
500 1475 534 1512 no
542 1460 678 1514 bellicoso

58 1536 152 1599 uitato,
164 1535 279 1586 necdum
288 1548 454 1602 magnopere
463 1533 625 1587 liberalibus
636 1535 677 1587 di·

58 1617 151 1661 ocante.
199 1609 310 1660 Initium
329 1623 439 1676 quoque
458 1608 518 1659 eius
537 1608 676 1663 mediocre

58 1684 146 1735 uidem
160 1682 345 1750 antiquissimi
359 1682 516 1746 doctorum,
531 1683 580 1750 qui
591 1681 676 1734 iidem

58 1776 63 1808 :
77 1757 239 1824 semigraeci
252 1762 332 1808 erant
344 1755 464 1820 (Ltvmu
474 1761 503 1807 et
511 1754 625 1807 Eum
636 1755 676 1807 di·

58 1838 159 1898 utraque
183 1831 278 1898 lingue
302 1831 379 1884 domi
400 1830 524 1897 forisque
548 1830 677 1882 docuisse

58 1909 91 1970 t),
106 1904 176 1956 nihil
191 1906 309 1972 amplius
325 1921 406 1973 quam
422 1903 530 1956 Graeca
542 1904 676 1973 interpre-

58 1986 98 2031 tut
116 1980 142 2030 si
161 1978 227 2048 quid
246 1978 302 2046 ipsi
321 1978 421 2030 Latine
441 1979 674 2047 composuissent,

58 2060 83 2104 o.
121 2053 192 2105 Nom
213 2052 287 2119 quod
306 2050 433 2104 nonnulli
461 2052 583 2118 tradunt,
604 2053 675 2107 duos

58 2127 115 2179 *eris
125 2125 287 2196 syllabisque,
298 2126 364 2177 item
375 2126 406 2178 de
416 2124 519 2189 πιανῶ,
531 2126 675 2179 abeodem

61 2219 87 2266 s,
102 2203 162 2254 iure
176 2202 268 2269 arguit
280 2199 314 2251 L.
326 2200 421 2264 Cotto,
431 2214 487 2252 non
497 2204 609 2268 poetae,
625 2200 675 2252 sed

58 2277 136 2328 Ennii
150 2293 221 2340 esse,
237 2275 315 2327 ouius
329 2275 412 2327 etiam
422 2275 454 2326 de
467 2272 623 2344 augurandi
634 2274 674 2325 di-

58 2350 281 2402 sminnferantur.

58 2442 97 2477 ms
111 2426 208 2493 igitur,
230 2431 361 2491 quantum
375 2422 533 2490 opinemur,
553 2421 675 2474 studium

59 2516 74 2551 e
91 2502 121 2551 in
135 2499 234 2550 Urbem
252 2498 348 2550 intulit
362 2499 479 2548 cmnns
492 2495 673 2559 Minnonns,

59 2574 173 2642 equalis,
185 2573 233 2640 qui
242 2573 342 2626 missus
353 2571 388 2623 ad
399 2576 523 2622 senatum
534 2570 570 2621 ob
579 2568 672 2621 Attalo

59 2649 186 2702 eoundum
196 2654 224 2701 et
232 2649 344 2701 tertium
353 2646 456 2699 beilum
465 2643 608 2710 Punicum,
621 2643 672 2695 sub
