1874 3060
267 206 471 255 CALIGULA.
509 207 587 255 GAP.
606 211 687 256 6-9.
822 205 872 260 161

75 329 237 394 mendacio,
258 330 333 398 quod
348 335 410 382 ante
424 345 523 381 annum
538 327 596 382 iere
609 335 691 382 naurs
706 329 871 384 Germanico

77 406 152 456 lilius
163 405 263 455 Tiburi
272 404 367 468 inerit,
387 405 540 473 appellatus
551 405 648 472 etipse
658 405 688 455 G.
701 405 816 456 Caesar:
837 406 871 458 de

77 480 157 530 cuius
172 478 287 529 amabili
300 480 419 546 pueritia
432 479 636 546 immaturoque
649 479 728 530 obitu
737 494 821 547 supra
830 479 871 530 di-

76 554 177 604 ximus.
215 551 336 603 Plinium
347 554 439 620 arguit
452 554 525 604 ratio
540 559 703 621 temporum.
741 552 872 620 Numqui

75 642 122 678 res
131 626 249 694 Augusti
258 628 407 678 memoriae
420 627 596 692 mandarunt,
619 625 811 678 Germanicum
825 641 870 677 ex·

78 706 142 752 acto
154 700 299 752 consulatu
308 702 337 752 in
348 700 469 752 Gallium
478 702 591 752 missum
605 702 792 764 consentiunt,
812 701 870 751 iam

75 781 143 827 nato
165 775 243 827 Caio.
282 775 339 826 Nee
358 774 443 826 Plinii
463 776 619 842 opinionem
638 775 782 842 inscriptio
805 788 870 827 arae

77 849 225 916 quiequam
245 849 392 913 adiuverit,
414 864 496 917 qmms
510 849 661 916 Agrippina
679 850 723 900 bis
736 847 766 900 in
780 864 813 900 ea
827 863 869 900 re-

75 923 160 990 gione
174 922 247 973 filias
262 923 343 973 enixa
356 924 405 987 sit,
428 929 456 973 et
469 922 665 992 qualiscunque
678 929 788 991 partus,
809 924 869 974 sine

75 996 133 1047 ullo
145 1011 226 1047 sexus
237 997 406 1061 discrimine,
413 997 581 1064 puerperium
590 1003 716 1061 vocetur3
736 998 810 1065 quod
821 1013 869 1049 an·

76 1071 148 1137 tiqui
157 1071 240 1121 etiam
251 1071 356 1138 puellas
362 1087 473 1137 pucras,
488 1071 561 1123 sicut
574 1078 602 1122 et
611 1086 711 1138 pueros
717 1073 817 1138 puellos
827 1072 868 1122 di·

76 1145 214 1195 etitarent·
252 1144 351 1195 Exstat
365 1151 392 1196 et
404 1145 521 1212 Augusti
535 1146 666 1213 epistola,
687 1152 749 1196 ante
763 1161 867 1214 pancos

76 1232 158 1286 quam
170 1219 261 1269 obiret
269 1234 374 1270 menses
390 1219 426 1269 ad
437 1220 613 1287 Agrippinam
628 1225 735 1287 neptem
749 1221 790 1271 ita
800 1220 867 1271 scri·

75 1296 124 1358 pta
138 1292 172 1343 de
183 1292 251 1344 Gaio
263 1290 316 1344 hoc
330 1295 429 1360 (neque
443 1295 514 1345 enim
525 1295 669 1362 quisquam
679 1295 735 1344 iam
745 1294 817 1345 alius
826 1295 867 1345 iu·

75 1365 137 1416 faus
155 1367 267 1418 nominc
286 1368 348 1434 pari
365 1372 431 1418 tunc
451 1371 617 1435 supererat):
642 1367 758 1420 Puerum
774 1367 868 1420 Galata

76 1439 267 1506 quintodecimo
277 1437 411 1493 Kalendae
421 1440 505 1507 lateii,
515 1442 540 1494 α’
549 1442 693 1504 dilanient,
704 1450 736 1494 ut
745 1443 868 1495 ducerent

79 1511 203 1564 Talarius
223 1523 250 1565 et
263 1514 385 1580 Asellius,
406 1515 466 1567 lteri
483 1533 541 1568 cum
559 1515 600 1566 bs's
615 1515 747 1567 comtitur‘.
786 1513 868 1568 Mitto

72 1597 213 1654 praetereo
224 1604 282 1640 cum
293 1605 322 1639 eo
332 1606 364 1640 ex
373 1590 452 1641 seroie
462 1590 525 1641 mdc
536 1589 674 1651 medicam,
690 1604 765 1655 quem
775 1589 870 1656 scripsi

77 1661 244 1725 Gemanica
256 1663 369 1726 siceum,
380 1672 412 1716 at
419 1664 551 1716 retineret.
577 1661 689 1727 Valelis,
700 1678 758 1713 mea
767 1662 866 1732 Agrop-

73 1736 146 1802 ps'rsa,
158 1746 187 1788 et
195 1737 269 1788 dalis
279 1753 391 1805 operam,
402 1747 435 1789 at
442 1741 528 1790 nabas
534 1736 672 1806 peruenias
682 1737 719 1787 ad
729 1735 866 1788 Germani-

77 1826 134 1862 cam
154 1819 237 1862 taam.
275 1811 388 1864 Abunde
408 1813 529 1864 arbitror
547 1818 654 1880 patere,
674 1826 730 1862 non
743 1811 867 1878 potuisse

75 1884 115 1935 ibi
124 1887 203 1936 nasci
214 1886 323 1950 Caium,
344 1900 399 1952 quo
413 1901 500 1953 prope
514 1887 633 1938 bimulus
648 1886 754 1938 demum
769 1885 867 1954 perdu-

77 1964 136 2008 ctus
146 1960 182 2009 ab
192 1960 265 2011 Urbe
276 1961 321 2011 sit.
346 1959 550 2012 Versiculorum
562 1976 670 2029 quoque
680 1961 760 2013 iidem
771 1960 867 2012 eadem

76 2029 144 2083 haec
164 2033 284 2096 elevant3
308 2039 337 2085 et
355 2049 388 2085 eo
403 2034 527 2099 facilins,
549 2036 623 2103 quod
637 2034 666 2086 hi
680 2037 739 2087 sine
754 2042 867 2087 auctore

77 2113 147 2157 sunt.
187 2106 332 2174 Sequenda
340 2109 426 2174 igitru
436 2114 490 2173 est,
503 2124 573 2176 quae
583 2109 644 2160 sola
654 2117 751 2174 ramat,
762 2109 868 2177 publici

77 2179 250 2232 instrumenti
265 2183 429 2246 auctoritas,
450 2184 610 2250 praesertim
625 2199 706 2251 quum
721 2185 805 2234 Caius
814 2183 867 2233 An·

77 2253 158 2318 tium,
170 2256 298 2306 onmibus
308 2272 415 2324 semper
424 2257 494 2308 locis
505 2263 587 2324 atque
597 2259 749 2310 secessibus
760 2256 867 2323 praela·

77 2333 146 2391 tum,
161 2344 218 2379 non
229 2329 310 2381 aliter
320 2345 401 2395 quam
411 2331 505 2382 natale
514 2332 605 2383 solum
615 2331 754 2391 dilexerit3
773 2329 867 2379 trada-

77 2407 175 2468 turque
194 2403 277 2454 etiam
297 2403 388 2455 sedem
409 2420 442 2456 ac
461 2404 631 2458 domicilium
650 2403 759 2471 imperii
771 2403 865 2454 taedio

77 2475 157 2527 Urbis
167 2477 317 2528 aansierre
327 2493 360 2530 eo
372 2478 532 2531 destinasse.

129 2550 178 2600 IX.
200 2551 343 2618 Caligulae
364 2567 515 2620 cognomen
534 2553 669 2605 castrensi
687 2552 751 2602 ioco
771 2549 865 2613 traxit,

75 2623 140 2690 qnia
158 2625 344 2693 manipulario
364 2624 461 2678 habitu
479 2629 550 2679 inter
568 2627 669 2679 milites
689 2623 865 2677 educabatur.

73 2695 153 2764 ¹⁴1³ull
168 2713 239 2766 quos
253 2706 384 2767 quantiam
398 2707 540 2769 praeterea
549 2717 599 2770 per
608 2699 679 2753 banc
688 2699 866 2752 nubimento·

107 2789 249 2836 surram
643 2794 668 2840 l,
