1874 3060
170 183 425 243 nomsrmmne.
460 195 672 245 conso-1³.
765 194 816 249 sss

22 319 135 373 daretur
149 317 331 371 omni-modo.
369 317 450 369 Bona
461 318 586 370 rivorum
597 333 632 370 ac
644 325 816 373 mortuorum

21 396 227 464 usquequaque,
239 392 363 461 quolibet
372 397 401 444 et
410 398 571 444 accusatore
581 399 609 444 et
619 393 745 458 crimine,
755 410 815 447 oor·

20 469 202 535 ripiebantur.
241 465 315 518 Satis
331 471 403 530 erat,
419 466 505 518 obiici
515 465 702 535 qualecunque
712 466 816 520 factum

22 543 160 594 dictumve
171 541 301 591 adversus
315 540 486 592 maiestatem
495 540 637 612 principis.
677 541 816 594 condeca-

22 617 125 668 buntur
139 614 323 667 alienissimae
337 611 516 678 hereditates,
530 613 575 666 vel
588 615 815 680 exsistentem,

24 691 73 758 qui
87 689 204 752 diecret,
223 688 333 739 audisse
349 703 378 739 ae
393 702 427 738 ex
442 686 585 753 defuncto,
605 704 689 757 quum
702 689 815 753 vireret,

23 763 145 817 ineam
159 761 211 813 sibs'
225 761 363 813 Gaesarem
377 776 439 812 esse.
477 759 591 814 Praeter
604 768 710 815 ceteros
723 763 816 815 ludui-

24 854 73 891 ous
82 837 167 889 liaeus
177 836 352 887 acerbissime
363 840 505 886 natusest:
520 836 557 887 ad
566 852 647 905 quem
657 836 816 890 defereban-

23 918 81 976 tnr‚
93 911 143 978 qui
151 911 195 962 vel
203 908 362 976 improieesi
374 908 516 959 iudaicam
529 909 652 962 viverent
663 911 762 976 vitam,
771 911 817 964 vel

24 984 199 1037 dmmmulsta
219 984 325 1050 origine
343 982 476 1049 imposita
493 983 569 1049 genti
582 984 686 1035 tributa
699 1000 756 1037 non
770 1001 816 1052 pe·

23 1059 192 1128 pendissent.
229 1056 389 1109 interfuisse
399 1072 442 1108 me
453 1055 686 1108 adolescentulum
695 1060 816 1123 nemini,

25 1148 108 1202 quum
124 1146 142 1183 a
154 1137 335 1199 procuratore
347 1129 624 1199 frequentissimoque
639 1132 757 1184 consilio
774 1133 816 1183 in·

23 1202 175 1276 solecietur
187 1205 390 1272 nonagenarius
404 1219 500 1268 senex,
518 1219 553 1255 an
567 1205 761 1257 circumsectus
775 1221 817 1258 es·

24 1287 74 1333 set.
122 1280 163 1331 Ab
183 1280 295 1331 iuventa
313 1278 424 1330 minime
444 1278 534 1329 civilis
554 1279 656 1343 ammi,
677 1279 817 1332 conlidens

25 1355 121 1420 aliam,
137 1359 166 1406 et
174 1369 257 1421 quum
271 1352 362 1405 verbis
375 1359 433 1402 mm
447 1351 528 1403 rebus
538 1353 711 1406 immodicus.
751 1354 818 1406 Cae·

24 1429 92 1494 nidi,
102 1428 191 1497 patris
201 1426 378 1490 concubinae,
384 1439 418 1477 ex
427 1425 536 1476 Histria
544 1441 678 1492 reversae,
684 1428 817 1493 osculnm,

25 1510 56 1555 nt
64 1509 232 1566 semoveret,
245 1499 380 1563 offerenti,
391 1513 502 1551 manum
511 1499 647 1565 praebuit
681 1500 818 1553 Generum

25 1576 120 1629 iratris
132 1576 244 1642 indigne
254 1574 344 1625 ferens
355 1573 464 1624 albatos
474 1575 503 1623 et
514 1573 605 1640 ipsum
618 1574 761 1626 ministros
770 1572 818 1625 ha·

24 1652 101 1714 bere,
112 1648 295 1718 proclamavit
305 1665 311 1697 ε
334 1641 387 1696 Οὔκ
396 1640 503 1706 ἀγαθὸν
513 1644 710 1713 πολυκοιρωιιὶη.

80 1723 157 1777 xui.
176 1721 364 1788 Principatnm
373 1735 438 1772 vero
450 1719 574 1786 adeptus,
585 1735 672 1787 neque
682 1721 711 1772 in
721 1728 820 1773 senatu

26 1800 131 1851 iactare
151 1795 300 1859 dubitavit,
321 1802 349 1846 et
356 1792 434 1860 patri
445 1809 472 1844 se
486 1802 514 1845 et
519 1792 611 1863 fratrs·
624 1793 762 1860 imperium
777 1796 819 1846 de·

26 1872 116 1934 dim
134 1870 193 1923 illes
205 1869 260 1921 siba·
269 1867 429 1920 reddidisse:
447 1882 536 1936 neque
548 1867 578 1918 in
592 1867 747 1920 reducenda
756 1875 821 1937 post

27 1947 176 1999 divortium
190 1959 277 1996 uxore
291 1942 410 2005 edicere,
425 1950 573 1993 revocatam
587 1957 644 1993 eam
657 1942 686 1995 a'a
696 1943 821 2011 pulvinar

27 2036 110 2072 suam.
149 2017 304 2070 declamari
313 2016 396 2067 etiam
406 2017 435 2066 in
446 2014 646 2084 amphitheatro
658 2017 766 2084 epulari
774 2018 820 2071 die

26 2094 144 2149 libenter
161 2093 268 2144 audiit:
288 2088 391 2141 domino
411 2097 439 2140 et
455 2089 575 2142 dominae
586 2090 727 2161 feliciter!
764 2092 820 2145 Sed

26 2176 53 2221 et
72 2167 233 2236 capitolino
258 2162 405 2217 certamine
426 2169 539 2215 cunctos
561 2166 667 2232 ingenti
685 2181 821 2218 consensu

25 2248 182 2311 precantes,
201 2245 233 2291 ut
246 2237 400 2289 Palfurium
415 2236 513 2289 Suram
526 2239 694 2301 restitueret,
710 2239 821 2306 pulsum

26 2319 94 2370 olim
104 2321 211 2378 senatu,
223 2328 256 2364 ac
265 2318 331 2363 tunc
341 2312 374 2363 de
386 2312 544 2363 oratoribus
555 2318 730 2376 coronatum,
741 2312 818 2364 nullo

25 2405 160 2459 responso
181 2388 322 2455 dignatum,
342 2391 433 2436 tacere
452 2386 644 2437 tantummodo
657 2386 740 2436 iussit
753 2401 820 2437 voce

25 2464 183 2534 praeconis.
221 2460 289 2512 Pari
308 2459 486 2526 arrogantia,
507 2475 592 2528 quum
610 2465 821 2526 procuratorum

26 2555 141 2593 suornm
159 2537 271 2588 nomine
289 2532 441 2603 formalem¹
454 2532 571 2585 dictaret
591 2532 755 2598 epistolam,
780 2533 822 2583 sic

25 2614 137 2682 coepit:
158 2607 276 2662 domim
287 2615 314 2659 et
323 2607 384 2657 deus
397 2614 485 2658 noster
499 2606 537 2658 sic
543 2605 613 2675 fim'
624 2605 705 2658 iubet.
742 2606 821 2657 Unde

24 2689 183 2743 institutum
193 2679 322 2753 posthae,
335 2685 409 2733 utne
419 2681 522 2750 scripto
534 2680 643 2750 quidem
654 2695 687 2732 ae
697 2695 821 2733 sermone
