1874 3060
125 211 176 262 188
383 215 410 263 0.
436 212 622 262 suarum!

125 336 311 389 diversissima
320 336 350 388 in
360 336 456 390 eodem
465 338 548 403 vitia,
569 351 703 388 summam
714 334 916 399 confidentiam,

124 418 154 462 et
163 416 261 463 eontra
269 411 382 462 nimium
392 417 503 464 metum.
541 412 612 464 Nam
629 412 676 478 qui
690 410 756 461 deos
772 416 917 477 tantopere

124 491 321 549 contemneret,
333 486 369 536 ad
378 487 491 537 minima
498 487 623 538 tonitrua
631 491 660 537 et
668 484 779 551 fulgura
790 484 916 537 oonnive·

122 574 166 623 re,
188 565 270 626 caput
284 560 442 625 obvolvere,
463 561 499 611 ad
514 576 579 613 vero
590 561 698 611 maiora
706 559 851 626 proripere
860 574 914 611 soe

123 639 226 698 strato,
241 630 291 685 sub
302 635 456 703 laetumque
466 635 583 687 condere
598 634 715 686 solebat.
752 632 913 700 Peregrina-

121 708 200 759 tione
219 707 328 775 quidem
342 708 493 773 Siciliensi,
513 709 602 761 irrisis
620 708 770 759 multorum
788 707 912 760 locorum

122 782 271 846 miraculis,
282 789 392 849 repente
402 783 554 835 aMessana
563 790 647 835 noctu
655 781 788 849 profugit,
798 782 912 833 Aetnaei

122 857 234 908 vorticis
253 856 328 909 iumo
353 872 387 908 ao
408 873 546 909 murmure
564 856 732 924 pavefactus.
774 856 912 908 Adversus

122 930 257 981 barbaros
267 944 376 998 quoque
384 932 599 996 minacissima,
610 947 692 999 quum
701 936 778 982 trans
788 929 910 982 Rhenum

122 1004 195 1055 inter
209 1007 350 1072 augustias
365 1007 530 1073 densumque
545 1021 641 1074 agnren
654 1006 708 1057 iter
721 1004 819 1056 essedo
838 1004 911 1067 faee-

121 1084 176 1142 ret,
197 1079 304 1131 dioente
318 1081 449 1148 quodam,
465 1096 517 1132 noa
529 1080 683 1132 mediocrem
686 1078 751 1151 sore
761 1087 911 1131 consterna·

122 1152 227 1216 tionem
239 1154 344 1205 mande
353 1154 436 1206 tostis
444 1163 579 1222 appareat,
585 1170 684 1222 equum
693 1154 770 1205 illico
782 1169 910 1205 oonsoen·

122 1226 176 1289 (lit;
196 1241 229 1278 aa
239 1242 354 1295 propero
364 1244 458 1280 versus
469 1229 505 1280 ad
514 1236 621 1297 pontes,
630 1234 662 1280 nt
671 1244 719 1280 eos
730 1228 876 1279 calonibus
884 1234 911 1280 et

121 1301 322 1369 impedimentis
332 1303 450 1371 stipatos
459 1305 572 1371 reperit,
587 1303 734 1370 impatiens
743 1318 851 1367 morae,
862 1316 911 1368 per

120 1389 218 1425 manus
229 1390 262 1427 ao
272 1390 354 1444 super
364 1379 456 1445 capita
463 1376 603 1430 hominum
613 1377 763 1428 translatus
774 1383 825 1428 est.
842 1377 911 1428 Mox

120 1448 219 1513 etiam,
230 1451 325 1502 audita
334 1452 483 1504 rebellione
494 1452 670 1516 Germaniae,
681 1451 777 1518 lugam
785 1457 814 1503 et
823 1452 911 1503 subsi-

121 1522 169 1574 dia
177 1523 259 1592 fugae
271 1526 371 1578 classes
383 1529 602 1595 apparabat,uno
613 1527 714 1578 solatio
725 1526 910 1595 acquiescens,

118 1600 318 1652 transmarinas
328 1603 383 1652 sibi
392 1601 581 1669 superfuturas
591 1601 756 1668 provincias,
762 1600 910 1652 sivietores

120 1672 230 1739 Alpium
239 1675 316 1741 iugo,
331 1682 363 1727 ut
372 1676 487 1740 Cimbri,
501 1677 546 1729 rel
556 1677 639 1727 etiam
648 1675 761 1739 Urbem,
779 1680 813 1725 ut
826 1674 910 1727 Seno·

119 1760 169 1798 nes
185 1750 335 1814 quondam,
352 1756 528 1816 occuparent:
547 1750 620 1802 unde
641 1749 722 1801 oredo
741 1751 910 1816 permissori-

120 1821 172 1871 bus
182 1823 241 1873 aius
250 1830 348 1889 postea
358 1825 501 1875 eonsilium
512 1830 618 1888 natum,
630 1824 703 1893 apud
712 1825 910 1876 tumultuantes

119 1895 221 1947 milites
231 1898 406 1962 ementiendi,
421 1898 510 1965 ipsum
521 1900 575 1950 sibi
585 1914 682 1950 uranus
691 1899 833 1963 inmlisse,
842 1914 909 1951 uun·

120 1968 166 2021 oio
176 1970 265 2021 malae
275 1986 381 2038 pugnae
391 1974 572 2040 perterritum.

176 2041 235 2094 Lll.
255 2043 363 2096 Vestitu
377 2046 554 2115 calceatuque
569 2053 597 2100 et
610 2053 700 2100 oetero
715 2046 910 2116 habitantque

120 2118 212 2183 patrio
222 2132 311 2186 neque
321 2120 403 2184 civili,
411 2137 443 2173 ao
452 2123 566 2174 nevirlli
576 2123 685 2191 quidem
696 2122 851 2190 aedenique
861 2120 910 2173 bu·

120 2206 216 2257 mano,
236 2209 343 2260 semper
350 2211 417 2247 runs
427 2202 478 2250 est.
516 2197 910 2264 Saepedepiotasgemmatas·

121 2281 174 2333 qua
191 2268 303 2320 indutus
321 2271 466 2338 paenulas,
486 2272 658 2323 manuleatus
672 2277 701 2323 et
714 2271 867 2321 annillntus
881 2272 911 2321 in

119 2338 259 2407 publicum
269 2346 416 2409 prooessit3
437 2345 585 2412 aliquando
599 2347 733 2397 sericatus
744 2351 772 2397 et
782 2345 911 2412 cyclada·

119 2421 177 2478 ωας
197 2430 230 2468 aa
238 2418 321 2470 modo
332 2420 361 2470 iu
373 2419 490 2486 crepidis
499 2420 544 2471 vel
554 2419 703 2483 cothurnis,
714 2418 798 2471 modo
809 2420 839 2471 in
850 2434 909 2485 spe-

120 2489 256 2542 culatoria
266 2493 367 2560 caliga,
388 2507 582 2561 mmnuuquam
596 2510 678 2546 socco
693 2484 833 2556 muliebri3
854 2494 910 2559 ple·

117 2578 232 2632 ruraque
241 2581 307 2618 vero
318 2582 403 2619 aurea
411 2567 510 2631 barba,
531 2567 751 2632 fulmenteueus,
767 2567 909 2619 autiusoi·

118 2654 193 2703 nam,
215 2641 432 2705 autcadueemu,
454 2642 566 2693 deorum
577 2644 709 2710 insignium
730 2649 814 2710 atque
824 2643 910 2695 otiam

112 2711 229 2766 Veneris
239 2715 317 2770 cultu
328 2721 491 2788 conspectus
500 2724 551 2770 ost.
580 2715 787 2786 Triumphalem
798 2716 909 2785 quidem
