1822 3068
98 161 149 211 168
383 160 411 207 C.
428 159 619 208 SUE'l'ONll

98 299 149 336 nec
158 282 223 335 ullis
232 282 288 335 nisi
298 296 332 335 ex
342 283 482 335 senatorio
495 281 592 334 ordine
601 279 803 348 aurigantibns.
814 278 881 332 con·

97 359 175 409 misit
184 364 212 409 et
221 358 341 421 subitos,
363 372 446 424 quum
459 372 474 408 e
486 355 636 408 Gelotiana
646 360 810 423 apparatam
819 354 879 405 circi

97 432 311 500 prospicientem
325 431 409 499 pauci
423 445 457 482 ex
474 430 609 498 proximis
622 429 781 481 Maenianis
800 434 877 497 poeno

96 505 209 558 lassent.

153 579 229 631 xlx.
248 578 357 632 Nonum
372 583 612 648 praetereantque
632 578 790 629 inauditum
807 590 875 645 genu

97 653 249 722 spectaculi
261 654 438 720 excogitavit.
476 653 547 705 Nam
560 653 694 704 Baianum
712 652 829 704 medium
843 651 875 701 ln·

96 728 242 782 tervallnm
252 733 280 780 et
289 726 457 779 Puteolanas
467 728 563 792 moles,
573 727 657 777 trium
668 726 787 777 millium
796 731 875 777 etse!¹

98 810 239 855 centorum
249 801 307 853 fers
316 817 459 868 passuum,
475 808 558 870 ponte
569 802 727 865 coniunxit,
743 798 874 852 contracte

96 877 218 945 undique
230 877 365 927 onerariis
374 876 504 940 navibus,
524 881 551 927 et
566 876 662 927 ordine
677 874 784 942 duplici
798 873 874 925 edan·

98 966 179 1003 coras
199 949 357 1015 collocatis,
378 951 587 1018 superiectoque
602 964 702 1017 aggere
714 955 833 1013 terreno,
849 960 874 997 nt

97 1026 203 1076 directo
217 1024 246 1075 in
260 1024 365 1092 Appiae
379 1026 441 1076 viae
455 1024 583 1076 formam.
621 1023 674 1075 Per
688 1021 762 1075 hunc
780 1026 873 1091 ponis·

95 1099 169 1150 ultro
182 1099 252 1151 citro
264 1099 439 1162 commeavit,
460 1099 544 1150 hiduo
561 1098 726 1149 continenti:
745 1094 875 1166 primodio

95 1172 240 1240 phalerato
252 1188 337 1240 equo,
357 1174 527 1242 insignisque
543 1186 663 1241 qucrnea
673 1186 791 1236 corona,
809 1176 874 1223 etot·

96 1254 153 1312 tra,
174 1254 203 1299 et
214 1246 322 1314 gladio,
343 1262 481 1316 aureaque
496 1246 653 1313 chlamyde:
672 1245 808 1313 postridie
821 1258 874 1313 qua·

96 1322 219 1389 drigario
230 1310 336 1385 h‘abitu,
343 1322 533 1389 curriculoque
538 1320 875 1388 biiugifamosorumequu·

95 1411 171 1459 rum,
192 1394 407 1462 praeseferens
423 1395 540 1447 Darium
553 1411 666 1464 puerum
682 1410 716 1446 ex
725 1392 876 1446 Potione

98 1469 241 1521 obsidibus
246 1485 254 1532 ;
275 1471 423 1522 comitante
433 1471 672 1538 praetorianorum
688 1465 876 1536 agmine,tti1

97 1543 201 1596 essedis
216 1541 329 1596 cohorte
350 1546 511 1597 amicornm.
550 1544 613 1596 Scio
635 1543 782 1611 plerosque
797 1537 876 1595 ensi·

96 1634 199 1683 masse,
219 1618 303 1670 talem
319 1635 336 1670 a
351 1620 419 1671 Caio
433 1626 545 1688 pontem
565 1619 752 1685 excogitatum
772 1614 875 1669 aemnla-

96 1694 173 1745 tione
182 1692 292 1758 Xerxis,
300 1694 348 1761 qui
358 1711 413 1747 non
423 1695 483 1746 sine
494 1693 677 1745 aduriratione
688 1692 829 1760 aliquanto
839 1702 876 1741 n·

96 1768 248 1834 gustiorem
266 1767 476 1836 Hellespontum
496 1767 726 1829 contabulaverit3
757 1766 837 1830 alios,
852 1766 877 1815 nt

98 1841 274 1893 Germaniam
289 1847 317 1893 et
325 1842 511 1908 Britanniam,
532 1843 631 1911 quibus
645 1842 819 1905 imminebat,
836 1836 877 1889 all»

98 1916 175 1967 cuim
194 1915 321 1966 immensi
341 1918 432 1984 operis
451 1917 526 1969 fama
545 1917 692 1969 territaret.
736 1915 791 1968 Sed
810 1926 877 1965 arn!

96 2004 186 2040 meum
196 1995 353 2044 rimantem
366 2008 435 2060 puer
449 1993 607 2055 audiebam,
629 2006 742 2042 causam
753 1989 841 2058 operis
849 1984 877 2037 ab

96 2062 275 2114 interioribus
286 2066 384 2118 aulicis
398 2067 535 2135 proditam
541 2105 549 2131 ,
571 2064 645 2134 qnod
655 2063 820 2132 Thrasyllus
831 2074 878 2115 m·

97 2135 261 2189 thematicus
272 2141 354 2192 arixio
367 2141 400 2193 de
410 2156 568 2193 successore
579 2140 707 2203 Tiberio,
722 2147 751 2191 et
759 2140 789 2191 in
797 2148 879 2190 veru!

97 2216 224 2278 nepotem
235 2215 375 2280 proniori,
392 2217 566 2280 affirmasset,
577 2231 629 2266 non
639 2213 726 2282 magis
739 2212 832 2265 Caium
839 2210 879 2262 in·

93 2294 259 2352 portaturum,
266 2287 880 2357 qnampeanianumeinumequisdiscumm·

154 2360 216 2412 XX.
236 2359 333 2414 Edidit
342 2371 370 2416 et
378 2380 491 2431 peregre
501 2363 671 2431 spectacula:
690 2363 721 2413 in
732 2362 830 2415 Sicilia
839 2358 881 2427 Sy·

98 2435 205 2486 ramicis
216 2435 319 2489 asticos
328 2438 419 2503 ludos,
431 2445 458 2491 et
467 2436 730 2504 inGalliaLugduni
740 2436 883 2489 miscellan

98 2509 147 2559 sed
161 2513 189 2560 et
202 2513 339 2564 certamen
353 2528 462 2580 quoque
477 2511 599 2563 Graecae
609 2511 784 2579 Latinaeque
798 2510 883 2563 raons·

99 2582 175 2645 diae3
187 2598 241 2651 quo
253 2588 400 2639 certamine
410 2586 500 2639 ferunt
509 2586 660 2638 victoribus
670 2587 797 2653 praemia
804 2587 886 2637 nuos

100 2656 261 2724 contulisse,
282 2661 431 2714 eorundem
445 2666 472 2713 et
482 2660 577 2712 landes
589 2675 755 2728 componere
766 2668 886 2715 coactost
