1874 3060
226 179 507 228 VESPASIANUS.
543 182 723 230 CAN-9.
823 180 873 234 30⁷

73 306 228 372 impetrata
235 302 410 371 praefectura
418 304 525 370 gratias
539 312 646 371 ageret,
666 313 873 375 uutuesperne-

74 386 132 443 ess,
152 393 225 431 voce
248 378 333 430 etiarn
355 379 520 445 gravimmua
542 379 690 446 increpuit,
722 379 872 434 Maluissem

75 451 337 514 sihmoholsu'msf
356 453 505 519 litemque
519 455 668 505 revocavit.
707 454 874 509 Classiorios

76 543 158 593 vero,
179 527 230 596 qui
244 527 279 578 ab
290 527 371 577 Ostia
383 533 413 578 et
426 527 551 579 Puteolis
564 527 680 579 Rouuom
695 529 811 596 pedihus
826 547 874 597 per

76 604 152 655 vices
162 608 331 665 conumeant,
351 608 487 667 petentes,
507 601 634 653 comtitos'
647 602 749 669 aliquid
760 602 811 654 situ·
820 607 872 655 ecl-

78 675 288 738 semistertius,
311 676 391 742 quasi
400 692 497 743 paruum
508 683 592 740 esset,
613 677 672 728 siue
682 691 815 744 responso
826 678 874 729 sh-

76 753 180 820 sgisre,
201 751 285 801 iussit
298 748 432 816 posthaec
445 750 618 802 excalceatos
632 752 778 803 cursitare:
798 759 826 803 ot
841 768 874 803 ex

77 827 164 880 coita
174 825 317 877 cursitant.
353 822 499 886 Achaiam,
520 823 651 891 Lyciam,
665 825 803 890 Rhodum,
818 826 874 894 By-

43 954 47 961 ,
77 901 212 964 muna
223 898 343 962 Samum,
353 898 483 949 libertate
494 898 628 966 adempta,
639 901 704 952 item
716 899 873 964 Thraciam,

79 976 251 1029 ciliciam-et
262 972 479 1039 Commagenen,
501 971 615 1023 ditionis
629 976 722 1041 regiae
735 991 822 1043 usque
838 978 874 1027 ad

75 1051 106 1103 id
115 1056 238 1117 tompus,
258 1047 289 1098 in
301 1047 506 1114 provinciarum
519 1045 636 1097 formam
650 1049 765 1115 redegit.
805 1051 874 1115 cap-

77 1124 216 1195 padociac
229 1128 342 1189 propter
356 1121 484 1171 assiduos
499 1121 681 1172 barbarorum
695 1123 822 1173 incursus
837 1124 874 1174 le-

75 1200 176 1268 giones
196 1196 317 1258 addidit,
338 1195 564 1261 consularemque
583 1201 718 1249 rectorem
732 1197 873 1264 imposuit,

77 1288 128 1342 pro
150 1271 244 1340 equite
257 1269 393 1321 Romano.
431 1266 572 1321 Deformis
585 1270 657 1321 Urbs
676 1272 813 1324 veteribus
833 1273 874 1323 in-

77 1346 186 1400 cendiis
194 1344 327 1395 neminis
340 1349 412 1395 erat:
431 1358 534 1395 vacuas
548 1359 627 1397 areas
643 1360 778 1412 occupare
791 1354 820 1399 et
830 1362 874 1398 ae·

77 1422 207 1483 mamm,
222 1419 248 1470 ri
257 1433 431 1486 possessores
442 1424 592 1482 cessarent,
613 1420 765 1486 cuneumque
776 1423 873 1487 permi-

77 1498 126 1549 sit.
164 1493 226 1562 lpse
236 1493 437 1544 restitutionem
448 1492 581 1559 Capitolii
591 1506 749 1559 eggressus,
769 1495 874 1545 ruderi-

77 1569 132 1623 hus
141 1567 294 1637 purgandis
303 1582 400 1617 manus
411 1568 514 1633 primus
528 1566 665 1628 admovit,
687 1581 721 1617 ee
733 1581 784 1617 suo
800 1568 873 1619 colle

77 1643 217 1712 quaedam
230 1639 341 1691 extulitz
365 1655 561 1707 aerearumque
574 1638 732 1690 tabularum
746 1641 801 1690 trie
815 1643 875 1691 null·

77 1718 132 1782 lia,
151 1730 225 1785 quse
234 1714 317 1766 simul
330 1714 580 1780 conflagraverat,
600 1713 771 1763 restituenda
785 1730 875 1766 susce-

79 1793 134 1860 pit,
153 1789 276 1856 undique
290 1788 462 1855 investigatis
477 1787 693 1852 exemplaribus,
713 1787 876 1840 instrumen-

77 1874 138 1919 tum
155 1864 268 1932 imperii
286 1861 497 1930 pulcherrimum
517 1876 551 1911 ac
570 1860 795 1926 vetuustissinuuuu,
820 1879 896 1961 quo¹

78 1938 293 1995 continebantur
307 1952 392 2003 paene
407 1938 441 1987 ab
456 1935 572 1987 exordio
589 1936 670 1986 Urbis
685 1944 795 1989 senatus
812 1952 876 1989 cou-
892 1968 896 2003 ,

78 2014 168 2079 solta,
183 2011 331 2080 plebiscita
339 2011 373 2062 de
384 2011 517 2063 societate
528 2016 555 2061 et
564 2009 675 2063 foedere
686 2026 720 2062 ac
729 2013 874 2079 privilegio
892 2018 902 2079 Ι.

79 2089 234 2154 uacunque
245 2086 393 2137 concessis.

69 2202 75 2211 .
133 2162 183 2213 lx.
203 2160 284 2211 Fecit
302 2166 330 2211 et
347 2174 421 2210 nova
441 2171 539 2224 opera,
559 2160 690 2226 templum
709 2160 797 2212 Pacis·
811 2161 874 2211 foro

77 2237 248 2306 proximum,
268 2233 389 2301 Diuique
404 2231 516 2282 Claudii
527 2233 556 2283 in
571 2233 667 2285 Coelio
687 2241 792 2296 monte,
814 2248 876 2284 eoe-

77 2318 156 2380 penu
166 2309 278 2378 quidem
288 2309 324 2381 sl)
332 2307 497 2374 Agrippina,
512 2307 561 2358 sed
573 2323 590 2357 a
599 2307 709 2359 Nerone
720 2322 805 2373 propo
814 2305 875 2357 luu-

61 2386 154 2443 ‚ditns
164 2385 348 2436 destruotuumz
365 2383 433 2433 item
448 2379 677 2447 amphitheatrum
688 2380 760 2431 Urbe
774 2380 875 2442 uuedio,

78 2468 111 2513 nt
128 2460 283 2513 destinasse
302 2462 474 2524 compererat
485 2457 646 2522 Augustum.
684 2453 875 2520 Amplissimos

78 2536 206 2598 ordines,
228 2539 256 2584 et
265 2530 415 2584 exhaustos
425 2530 509 2582 caede
519 2530 610 2590 varia,
632 2533 659 2578 et
672 2528 875 2579 contaminatos

78 2611 168 2663 veteri
176 2607 352 2676 negligentia,
362 2605 491 2675 purgarit
500 2601 699 2670 supplevitque,
709 2617 822 2653 recenso
834 2618 873 2653 se·

78 2691 186 2738 natust
196 2683 301 2752 equitas
321 2681 465 2734 suuomotis
474 2675 688 2744 indignissimis,
703 2674 874 2729 ethonestis·

661 2769 681 2814 ll
696 2770 715 2814 ‘i
