1822 3068
156 206 345 257 arcanius.
382 210 458 256 GAP.
476 211 559 255 4-7.
697 209 749 259 117

77 347 93 384 n
105 330 177 384 clam
187 336 323 400 petentes,
337 332 434 400 vagitu
443 347 494 384 suo
505 347 592 399 paene
601 332 644 385 bis
654 334 748 402 prodi-

77 406 112 459 rel
126 421 211 474 quum
226 421 243 456 a
256 407 370 457 nutricis
384 407 481 471 ubere,
500 407 613 471 iterum,
634 422 716 474 quum
731 424 749 459 a

77 481 121 532 ris
131 480 234 548 raptim
245 480 398 533 auferretur
409 482 443 532 ab
454 481 499 545 iis,
512 480 560 548 qui
569 494 620 548 pro
630 481 747 533 necessi-

77 555 162 623 {poris
182 555 359 606 mulierculas
379 555 471 608 levare
492 570 575 607 onere
594 555 746 607 tentabant.

77 630 143 680 liam
160 644 270 697 quoqne
289 635 317 681 et
330 629 462 682 Achaiam
477 628 693 692 circumductus,
714 643 748 680 ac

77 704 181 754 moniis
195 703 317 771 publice,
338 704 413 772 quod
426 706 456 754 in
468 704 557 756 tutela
567 702 745 754 Claudiorum

77 778 239 841 emundatus,
252 778 407 846 digrediens
417 778 481 831 inde
490 779 590 830 itinere
599 783 746 841 nocturno,

78 867 97 902 n
107 853 182 904 vitae
194 851 276 916 adiit,
297 853 407 904 flamma
421 859 531 920 repente
545 869 560 904 e
575 852 654 904 silvis
667 851 747 903 undi-

76 932 118 990 ta,
126 927 252 995 adeoque
263 942 370 978 omnem
381 929 540 979 comitatum
552 926 746 995 circumplexa,

76 1016 89 1053 e
102 1016 168 1067 pars
181 1002 266 1052 vestis
281 1007 308 1054 et
322 1001 417 1068 capilli
431 1002 647 1053 amburerentur.
684 1000 746 1052 Mu·

76 1075 150 1127 ribus
165 1090 182 1125 a
192 1074 338 1143 Pompeia,
359 1075 436 1127 Sexti
445 1075 572 1142 Pompeii
585 1089 696 1138 sorore,
716 1075 746 1125 in

76 1149 187 1200 ionatus
201 1155 255 1213 cst,
276 1149 400 1216 chlamys
414 1155 442 1201 et
455 1150 553 1213 fibula,
572 1149 639 1201 item
652 1148 746 1200 bullae

83 1224 186 1275 durant
200 1224 433 1293 ostendunturque
447 1223 537 1276 adhuc
551 1223 639 1275 Baiis.
677 1221 747 1274 Post

80 1298 111 1348 in
125 1298 227 1350 Urbem
242 1313 259 1348 a
272 1297 312 1350 M.
328 1297 422 1350 Gallio
438 1305 565 1351 senatore
579 1303 745 1350 testamento

76 1370 284 1436 is,‘hereditate
295 1372 385 1437 adita,
405 1388 470 1425 mox
479 1373 590 1425 nomino
601 1372 744 1436 abstinuit,

76 1446 148 1497 illius
167 1447 344 1499 adversarum
362 1447 485 1514 Augrnto
505 1447 624 1513 partium
644 1445 745 1498 iuerat.

76 1528 150 1573 ratus
167 1536 254 1573 annos
274 1520 431 1574 defunctum
448 1526 556 1587 patrem
574 1533 625 1586 pro
645 1520 745 1573 rostris

76 1604 89 1646 .·
120 1595 230 1648 Dehinc
239 1598 398 1663 pubescens,
409 1595 523 1644 Actiaco
533 1590 674 1661 triumpho
686 1608 745 1644 cur·

76 1670 140 1736 ‚usti
155 1671 303 1723 comitatus
317 1675 360 1722 est
374 1668 545 1720 sinisteriore
558 1665 648 1717 funali
663 1680 745 1733 equo,

76 1745 205 1808 arcellus,
222 1746 354 1796 Octaviae
364 1743 451 1807 iilius,
473 1738 746 1794 dexteriorerehere·

77 1820 184 1870 aesedit
198 1824 226 1871 et
235 1819 356 1871 Actiacis
370 1818 443 1869 ludis
457 1822 486 1869 et
494 1815 626 1868 Troianis
636 1814 746 1867 Circen·

75 1899 143 1945 ictor
152 1900 261 1945 turmae
270 1909 417 1961 puerorum
427 1892 574 1944 maiorum.

82 1967 168 2020 Virili
181 1974 249 2036 toga
263 1975 385 2036 sumpta,
405 1966 621 2019 adolescentiam
637 1979 746 2020 omnem

75 2058 121 2110 pne
130 2044 301 2110 insequentis
312 2042 411 2094 aetatis
425 2057 512 2110 usque
528 2040 563 2092 ad
572 2042 745 2110 principatus

77 2132 92 2168 r
105 2117 175 2169 hacc
189 2117 247 2169 fere
260 2118 404 2184 transegit.
441 2116 543 2167 Munus
557 2115 747 2183 gladiatorum

75 2193 151 2243 uiam
166 2192 268 2259 patris,
288 2191 444 2244 stulterum
458 2191 489 2242 iu
503 2191 550 2242 avi
559 2190 646 2242 Drusi
660 2188 746 2252 dedit,

75 2268 247 2335 temporibus
258 2281 291 2318 ac
300 2265 384 2329 locis,
396 2265 512 2332 primum
521 2265 552 2316 in
561 2263 639 2327 foro,
650 2276 746 2313 secun·

75 2340 290 2409 amphitheatr03
310 2339 442 2392 rudiariis
457 2353 566 2408 quoquc
581 2334 746 2404 quibusdam

75 2432 83 2468 s
103 2420 313 2468 auctoramento
334 2414 475 2466 centenum
495 2411 622 2464 millium.
661 2406 747 2458 Dedit

86 2492 136 2544 scd
148 2492 260 2551 absens3
282 2495 381 2541 cuncta
390 2488 544 2556 magnifice,
554 2485 680 2550 impensa
688 2495 746 2532 ma·

76 2566 164 2618 itrici.
203 2564 395 2632 Agrippinam,
415 2563 455 2614 Μ.
474 2560 596 2626 Agrippa
615 2555 746 2623 genitam,

75 2639 187 2694 :cecilii
196 2639 281 2690 Attici
290 2638 392 2707 equitis
402 2634 534 2696 Romani,
546 2631 582 2682 ad
592 2646 673 2700 quem
682 2635 747 2681 mint

75 2714 247 2786 sepistolae,
260 2713 339 2765 dtuit
347 2716 475 2764 tuorem:
494 2705 658 2775 sublatoque
668 2719 703 2758 ex
712 2718 747 2756 ea
