1874 3060
67 144 118 196 ²28
342 146 370 193 C.
395 143 582 192 sumenti

69 277 97 321 et
109 270 139 319 in
149 268 210 320 viae
220 266 324 334 Appiae
334 265 396 318 vico
411 271 521 333 repente
531 279 645 332 puerum
655 264 748 317 citatis
757 264 850 315 iumen

67 344 106 394 tis
120 340 195 393 haud
207 342 321 409 ignarus
336 340 461 404 obtrivit,
478 346 506 391 et
514 339 618 391 Romae
628 338 719 391 medio
729 337 794 390 iore
806 338 850 395 cui

69 415 133 467 dam
149 416 236 483 eqraiti
247 414 372 466 Romano
387 414 502 466 liberius
514 414 637 480 iurganti
651 412 763 465 oculum
776 412 850 464 eruit.

68 489 200 555 perfidiae
214 504 278 541 vero
293 494 399 551 tantae,
413 494 514 540 utnon
523 488 606 539 modo
617 486 791 554 argentarios
800 501 850 553 pre

67 564 116 615 tiis
130 578 221 615 rerum
235 568 433 629 coemptarum,
450 562 499 613 sed
512 568 540 612 et
553 562 583 612 in
596 568 726 627 praetura
735 559 850 618 mercede

68 637 221 703 pulmarum
233 636 389 702 arnigarios
398 635 576 687 fraudaverit.
615 634 734 687 Notatur
745 635 782 687 cb
792 632 850 687 hee

70 718 97 762 et
110 711 216 763 sororis
229 711 308 772 ioco,
323 710 500 776 querentibus
510 709 628 761 dominis
638 708 805 773 lactionum,
819 724 850 759 re

65 783 388 852 praesentandapraemia
397 783 578 850 inposterum,
589 784 690 835 sanxit.
727 783 850 835 Msicetu

69 860 106 909 tis
122 873 242 925 quoque,
257 864 285 909 et
299 857 508 922 adulteriorum,
521 858 673 925 incestique
688 873 750 909 cum
764 869 850 910 soron

69 931 177 999 Lepida
191 932 241 983 sub
257 946 371 983 excessu
384 932 491 983 Tiberii
503 945 581 997 reus,
594 931 747 983 mutatione
757 939 850 997 tempo

70 1022 131 1057 rum
145 1006 245 1069 evasit;
266 1006 436 1072 decessitque
450 1004 550 1073 Pyrgis
564 1006 660 1058 morbo
676 1020 766 1072 aquae
777 1005 850 1060 interr

71 1080 154 1145 cutis,
165 1080 275 1132 sublato
286 1079 345 1131 filio
357 1079 465 1132 Nerone
476 1094 509 1132 ex
518 1080 683 1147 Agrippina,
695 1077 850 1132 Germaniae

69 1155 171 1223 genita.

106 1227 155 1279 Vl.
174 1227 248 1280 Nero
262 1234 344 1279 natm
359 1233 402 1280 est
414 1227 490 1279 Antii
503 1233 568 1295 post
581 1242 655 1280 nono
671 1243 764 1279 mense
780 1240 850 1294 quen

71 1303 199 1353 Tiberius
210 1303 338 1367 excessit,
349 1300 569 1354 duodevicesimo
579 1301 720 1354 Kalendas
730 1300 850 1353 lanuor'li

70 1382 176 1428 tantum
192 1377 266 1446 quod
280 1376 420 1429 exoriente
435 1377 506 1440 sole,
526 1391 613 1444 paene
627 1382 658 1428 ut
676 1376 766 1428 radiis
784 1375 850 1443 prim

72 1466 155 1518 quam
166 1458 242 1503 terra
257 1452 468 1519 contingeretur.
505 1450 549 1502 De
558 1451 684 1518 geniture
694 1451 754 1502 eius
767 1448 845 1501 statir

71 1525 158 1577 multa
168 1532 196 1577 et
207 1524 392 1578 formidolosa
406 1525 499 1577 multis
510 1525 739 1589 coniectantibus,
750 1538 840 1592 praest

71 1601 118 1667 gio
134 1599 188 1651 fuit
201 1600 285 1652 etiam
298 1600 417 1652 Domitii
430 1599 517 1668 patris
530 1613 599 1665 vox,
612 1600 685 1651 inter
698 1598 835 1666 gratulati

72 1690 120 1726 nes
131 1675 281 1725 amicorum
291 1675 425 1741 negantis,
436 1675 582 1742 quicquam
594 1689 627 1726 ex
637 1690 666 1725 se
676 1680 704 1726 et
712 1673 830 1741 Agrippi

71 1749 128 1800 nisi
151 1748 313 1801 detestabile
338 1754 366 1801 et
388 1748 462 1799 malo
487 1748 598 1815 publico
623 1748 702 1800 nosci
729 1748 824 1813 potuis

72 1823 203 1875 Eiusdem
212 1822 322 1874 futurae
332 1821 504 1875 infelicitatis
514 1823 622 1890 signum
636 1822 748 1874 evidens
763 1822 809 1873 die

72 1897 156 1949 strico
172 1897 289 1947 exstitit:
309 1912 373 1947 nam
394 1896 424 1947 C.
440 1896 555 1960 Caesar,
574 1903 690 1964 rogante
705 1910 814 1958 sorore,

71 1969 185 2033 infanti,
196 1969 270 2037 quod
279 1970 374 2034 vellet,
388 1985 487 2022 nornen
498 1971 589 2035 daret,
599 1973 707 2023 intuens
719 1969 812 2021 Claud*

72 2051 201 2112 patruum
215 2060 307 2108 suum,
321 2060 339 2095 a
349 2060 403 2112 quo
414 2059 479 2097 mox
492 2045 615 2112 principe
625 2045 699 2097 Nero
715 2045 806 2112 adopt:

73 2125 127 2183 est,
148 2119 207 2170 eius
227 2135 256 2170 se
276 2118 347 2170 dixit
367 2119 445 2171 dare:
464 2135 553 2188 neque
571 2121 632 2189 ipse
645 2120 733 2184 serio,
749 2119 798 2171 sed

72 2196 177 2257 iocum,
194 2199 222 2245 et
231 2199 395 2261 aspernante
404 2194 567 2262 Agrippina,
579 2194 653 2262 quod
662 2200 722 2246 tum
732 2194 796 2244 (liar

71 2270 143 2320 inter
157 2268 277 2319 ludibria
292 2268 371 2320 aulae
382 2275 449 2320 erat.
489 2269 628 2319 Trimulus
642 2275 750 2335 patrem
760 2283 791 2319 an

75 2344 153 2394 cuius
163 2358 197 2394 ex
207 2348 285 2411 parte
294 2343 378 2395 tertia
387 2341 474 2407 heres,
484 2359 518 2394 ne
529 2341 601 2395 hanc
611 2343 721 2410 quidem
730 2342 786 2393 inte

74 2418 158 2485 cepit,
175 2418 308 2484 correptis
323 2432 372 2482 per
388 2414 548 2469 coheredem
560 2417 657 2468 Caium
666 2417 783 2469 univers*

72 2493 129 2555 nis,
150 2497 177 2543 et
196 2490 311 2543 subinde
330 2496 417 2542 matre
437 2491 519 2542 etium
533 2492 668 2559 relegata,
683 2507 772 2561 paene

74 2572 157 2631 atque
171 2581 252 2632 egens
263 2565 336 2633 opud
348 2566 459 2617 amitam
470 2563 605 2633 Lepidam
618 2567 739 2618 nutritus
750 2582 772 2617 er

67 2639 179 2693 dnobus
184 2640 370 2711 paedagogis,
381 2640 514 2693 saltatore
525 2648 606 2711 etque
616 2648 739 2695 tonsore.
765 2641 768 2648 '
