1874 3060
241 216 438 264 CALIGULA.
474 216 551 264 GAP.
570 219 685 265 37-39.
809 215 858 267 181

65 338 99 392 de
120 353 205 391 causa
219 340 365 408 quicquam
379 340 540 393 incrementi
554 342 723 393 accessisset.
761 340 857 393 Testa·

65 420 157 466 menta
167 414 387 483 primipilarium,
400 417 448 483 qui
459 416 494 465 ab
504 416 584 467 initio
595 416 766 483 principatus
776 415 857 468 Tibe-

64 490 102 540 ril
110 504 199 557 neque
209 489 287 539 illum
296 505 384 556 neque
395 506 423 541 se
434 489 560 541 heredem
570 490 757 557 reliquissent,
776 495 808 541 ut
815 491 857 542 in·

65 570 146 630 grata
165 564 290 614 rescidit:
318 564 385 614 item
406 570 570 628 ceterorum,
590 570 622 614 ut
640 565 721 615 irrita
735 570 763 615 et
774 579 856 630 vana,

66 652 244 706 quoscunque
258 639 320 704 quis
335 638 437 690 diceret
446 637 544 690 herede
555 638 673 690 Caesare
683 634 760 690 'mori
773 637 856 691 desti-

64 726 154 764 nasse.
195 713 256 773 Quo
272 719 345 763 metu
359 713 473 776 iniecto,
495 729 577 780 quum
590 713 647 764 iarn
662 719 689 765 et
703 714 737 765 ab
751 713 856 781 ignotis

64 788 137 839 inter
146 786 310 850 familiares,
331 792 359 837 ct
374 788 558 855 aparentibus
567 788 639 839 inter
649 787 752 840 liberos
761 788 856 855 palam

64 858 144 912 heres
164 867 377 927 nuncuparetur,
398 861 534 913 derisores
552 863 682 927 vocabat,
704 863 778 931 quod
791 869 857 932 post

64 936 296 1002 nuncupationem
305 936 397 987 vivere
405 942 621 1003 perseverarent,
637 943 664 988 et
673 938 766 989 multis
776 951 856 990 vene·

64 1016 145 1061 nates
155 1015 275 1061 macteas
286 1010 368 1060 misit.
408 1011 599 1078 cognoscebat
608 1017 698 1063 autem
709 1011 743 1063 de
751 1012 855 1064 talibus

65 1085 169 1148 causis,
189 1089 285 1135 taxato
296 1085 372 1151 prius
381 1085 464 1136 modo
476 1100 609 1149 summae,
632 1085 666 1136 ad
682 1100 760 1154 quem
772 1087 855 1138 confi-

64 1159 190 1210 ciendum
211 1159 375 1210 consideret:
402 1159 526 1211 conlecto
546 1160 653 1211 demum
673 1161 854 1212 excitabatur.

63 1233 102 1284 dc
111 1249 147 1285 ne
156 1233 279 1300 paullum
290 1233 399 1300 quidem
408 1250 503 1286 morae
513 1235 633 1301 patiens,
645 1250 726 1302 super
737 1235 853 1303 qnadra-

63 1308 140 1374 ginta
153 1322 216 1359 reos
231 1308 369 1374 quondam
384 1323 417 1359 ex
431 1309 546 1360 diversis
561 1310 719 1361 criminibus
729 1324 784 1360 una
794 1324 854 1361 sen-

62 1383 150 1433 tentia
164 1382 366 1447 condemnavit,
386 1383 574 1451 gloriatusque
593 1389 635 1435 cst
648 1383 855 1451 expergefactae

63 1470 162 1508 somno
174 1458 335 1522 caesoniae,
357 1466 483 1524 quactum
494 1457 601 1526 effluet,
621 1457 681 1508 dum
691 1473 722 1508 ea
732 1457 854 1508 meridia-

63 1539 113 1582 ret.
152 1532 286 1583 Auctione
299 1533 443 1600 proposita
462 1531 594 1598 reliquias
615 1531 734 1582 omnium
749 1537 855 1598 specta·

66 1606 191 1657 culorum
201 1607 326 1670 subiecit,
333 1612 360 1658 et
369 1606 529 1669 venditarit,
541 1605 686 1672 exquirens
696 1620 745 1672 per
755 1620 784 1656 se
794 1619 854 1671 pre·

63 1681 147 1744 tia,et
155 1696 285 1749 usqueeo
297 1681 489 1745 extenderunt
499 1680 611 1747 quidam
620 1680 752 1730 immenso
765 1680 856 1730 coacti

65 1755 201 1822 quaedam
211 1771 308 1820 emere,
315 1771 348 1806 ac
357 1756 437 1806 bonis
448 1756 621 1819 exuti,veuas
631 1754 685 1804 sibi
694 1753 855 1805 inciderent.

64 1829 140 1879 Nota
149 1845 194 1881 res
203 1836 257 1894 est,
276 1830 384 1897 Aponio
397 1829 544 1882 Saturnino
559 1830 632 1880 inter
645 1827 778 1880 subsellia
793 1827 856 1879 dor·

64 1904 190 1969 mitante,
201 1905 333 1956 monitum
346 1920 363 1955 a
373 1904 441 1959 Caio
453 1920 627 1973 praeconem,
642 1919 677 1955 ne
686 1903 856 1970 praetorium

64 1979 152 2029 virum
165 1980 260 2030 crebro
273 1979 371 2046 capitis
380 1985 458 2030 motu
466 1985 607 2031 nutantem
617 1979 671 2029 sibi
680 1978 856 2047 praeterlret3

64 2068 114 2104 nec
124 2052 226 2105 licendi
237 2055 315 2105 tinem
326 2053 437 2118 factum,
444 2054 535 2121 quoad
545 2054 676 2106 tredecim
686 2053 856 2121 gladiatores

64 2129 192 2180 sestertio
201 2128 333 2196 nonagies
343 2129 484 2196 ignoranti
493 2129 691 2181 addicerentur.

120 2203 249 2254 XXXlX.
269 2203 300 2252 ln
314 2201 408 2253 Gallia
422 2218 542 2271 quoque,
564 2218 646 2271 quum
666 2203 856 2253 damnatarum

64 2291 191 2330 sororum
204 2283 364 2329 ornamenta
380 2283 407 2328 et
420 2277 618 2346 supellectilem
633 2282 661 2328 et
670 2289 763 2327 servos
775 2281 857 2343 atque

64 2351 147 2402 etiam
158 2352 274 2404 libertos
283 2352 423 2404 immensis
432 2352 528 2419 pretiis
537 2350 713 2414 vendidisset,
724 2348 856 2400 invitatus

64 2426 156 2490 lucro,
177 2426 310 2499 quicquid
327 2426 501 2479 instrumenti
518 2426 618 2478 veteris
634 2425 713 2476 aulae
728 2429 799 2486 erat,
820 2423 856 2473 ab

62 2501 137 2552 Urbe
146 2502 267 2569 repetiit,
279 2498 481 2568 comprehensis
492 2501 527 2553 ad
538 2498 736 2568 deportandum
747 2496 858 2548 merito-

62 2576 113 2627 rils
123 2591 236 2644 quoque
244 2573 377 2627 vehiculis
391 2582 419 2627 et
427 2574 638 2642 pistrinensibus
648 2572 790 2634 iumentis3
811 2569 860 2621 ada

63 2664 106 2714 eo,
116 2656 149 2702 ut
158 2657 188 2703 et
197 2651 278 2719 panis
288 2649 392 2702 Romae
402 2665 485 2718 saepe
495 2651 634 2712 deficeret,
649 2654 677 2700 et
685 2647 859 2714 litigatorum

61 2725 204 2794 plerique,
222 2724 298 2795 quod
318 2738 461 2781 oourrrers
475 2725 601 2777 cosmus
615 2721 652 2774 ad
669 2721 862 2774 radlmouium
