<?xml version="1.0" encoding="UTF-8"?>
<!DOCTYPE html PUBLIC "-//W3C//DTD XHTML 1.0 Transitional//EN"
    "http://www.w3.org/TR/xhtml1/DTD/xhtml1-transitional.dtd">
<html xmlns="http://www.w3.org/1999/xhtml" xml:lang="en" lang="en">
 <head>
  <title>
</title>
<meta http-equiv="Content-Type" content="text/html;charset=utf-8" />
  <meta name='ocr-system' content='tesseract 3.04.00' />
  <meta name='ocr-capabilities' content='ocr_page ocr_carea ocr_par ocr_line ocrx_word'/>
</head>
<body>
  <div class='ocr_page' id='page_1' title='image "./csuetoniitranqu00trangoog_0021.png"; bbox 0 0 1822 3068; ppageno 0'>
   <div class='ocr_carea' id='block_1_1' title="bbox 19 1155 27 1729">
    <p class='ocr_par' dir='ltr' id='par_1_1' title="bbox 19 1155 27 1729">
     <span class='ocr_line' id='line_1_1' title="bbox 19 1155 27 1729; baseline 0 0"><span class='ocrx_word' id='word_1_1' title='bbox 19 1155 27 1729; x_wconf 95' lang='lat' dir='ltr'><strong> </strong></span> 
     </span>
    </p>
   </div>
   <div class='ocr_carea' id='block_1_2' title="bbox 21 1155 26 2007">
    <p class='ocr_par' dir='ltr' id='par_1_2' title="bbox 21 1155 26 2007">
     <span class='ocr_line' id='line_1_2' title="bbox 21 1155 26 2007; baseline 0 0"><span class='ocrx_word' id='word_1_2' title='bbox 21 1155 26 2007; x_wconf 95' lang='lat' dir='ltr'><strong> </strong></span> 
     </span>
    </p>
   </div>
   <div class='ocr_carea' id='block_1_3' title="bbox 20 1871 24 2591">
    <p class='ocr_par' dir='ltr' id='par_1_3' title="bbox 20 1871 24 2591">
     <span class='ocr_line' id='line_1_3' title="bbox 20 1871 24 2591; baseline 0 0"><span class='ocrx_word' id='word_1_3' title='bbox 20 1871 24 2591; x_wconf 95' lang='lat' dir='ltr'><strong> </strong></span> 
     </span>
    </p>
   </div>
   <div class='ocr_carea' id='block_1_4' title="bbox 202 182 698 256">
    <p class='ocr_par' dir='ltr' id='par_1_4' title="bbox 202 182 698 256">
     <span class='ocr_line' id='line_1_4' title="bbox 202 182 698 256; baseline -0.01 0"><span class='ocrx_word' id='word_1_4' title='bbox 202 209 235 256; x_wconf 85' lang='lat'><strong>10</strong></span> <span class='ocrx_word' id='word_1_5' title='bbox 313 182 318 196; x_wconf 85' lang='lat'>&#39;</span> <span class='ocrx_word' id='word_1_6' title='bbox 461 207 488 255; x_wconf 88' lang='lat' dir='ltr'><strong>c.</strong></span> <span class='ocrx_word' id='word_1_7' title='bbox 513 204 698 254; x_wconf 81' lang='lat' dir='ltr'><strong>sunnonn</strong></span> 
     </span>
    </p>
   </div>
   <div class='ocr_carea' id='block_1_5' title="bbox 146 327 911 2783">
    <p class='ocr_par' dir='ltr' id='par_1_5' title="bbox 196 327 911 1289">
     <span class='ocr_line' id='line_1_5' title="bbox 200 327 903 398; baseline -0.003 -18"><span class='ocrx_word' id='word_1_8' title='bbox 200 345 340 398; x_wconf 83' lang='lat' dir='ltr'><strong>quoquam</strong></span> <span class='ocrx_word' id='word_1_9' title='bbox 350 336 473 397; x_wconf 87' lang='lat' dir='ltr'><strong>reperto,</strong></span> <span class='ocrx_word' id='word_1_10' title='bbox 494 329 542 394; x_wconf 90' lang='lat' dir='ltr'><strong>qul</strong></span> <span class='ocrx_word' id='word_1_11' title='bbox 555 342 638 394; x_wconf 84' lang='lat' dir='ltr'><strong>super</strong></span> <span class='ocrx_word' id='word_1_12' title='bbox 650 327 703 378; x_wconf 89' lang='lat' dir='ltr'><strong>tali</strong></span> <span class='ocrx_word' id='word_1_13' title='bbox 717 328 903 379; x_wconf 72' lang='lat' dir='ltr'><strong>consternatio</strong></span> 
     </span>
     <span class='ocr_line' id='line_1_6' title="bbox 199 401 896 469; baseline -0.006 -13"><span class='ocrx_word' id='word_1_14' title='bbox 199 405 272 456; x_wconf 83' lang='lat' dir='ltr'><strong>ferre</strong></span> <span class='ocrx_word' id='word_1_15' title='bbox 282 409 331 456; x_wconf 83' lang='lat' dir='ltr'><strong>snt</strong></span> <span class='ocrx_word' id='word_1_16' title='bbox 340 419 449 455; x_wconf 88' lang='lat' dir='ltr'><strong>oensere</strong></span> <span class='ocrx_word' id='word_1_17' title='bbox 461 402 567 469; x_wconf 81' lang='lat' dir='ltr'><strong>aliquid</strong></span> <span class='ocrx_word' id='word_1_18' title='bbox 578 401 698 465; x_wconf 81' lang='lat' dir='ltr'><strong>auderet,</strong></span> <span class='ocrx_word' id='word_1_19' title='bbox 704 402 799 469; x_wconf 79' lang='lat' dir='ltr'><strong>qualis</strong></span> <span class='ocrx_word' id='word_1_20' title='bbox 808 403 896 453; x_wconf 88' lang='lat' dir='ltr'><strong>multa</strong></span> 
     </span>
     <span class='ocr_line' id='line_1_7' title="bbox 198 477 899 540; baseline -0.003 -10"><span class='ocrx_word' id='word_1_21' title='bbox 198 479 388 530; x_wconf 68' lang='lat' dir='ltr'><strong>inlusionibus</strong></span> <span class='ocrx_word' id='word_1_22' title='bbox 398 478 485 529; x_wconf 83' lang='lat' dir='ltr'><strong>turbis</strong></span> <span class='ocrx_word' id='word_1_23' title='bbox 501 477 611 528; x_wconf 74' lang='lat' dir='ltr'><strong>demota</strong></span> <span class='ocrx_word' id='word_1_24' title='bbox 625 483 714 540; x_wconf 90' lang='lat' dir='ltr'><strong>eraut,</strong></span> <span class='ocrx_word' id='word_1_25' title='bbox 729 477 759 526; x_wconf 92' lang='lat' dir='ltr'><strong>in</strong></span> <span class='ocrx_word' id='word_1_26' title='bbox 769 492 829 528; x_wconf 89' lang='lat' dir='ltr'><strong>eam</strong></span> <span class='ocrx_word' id='word_1_27' title='bbox 842 492 899 528; x_wconf 87' lang='lat' dir='ltr'><strong>eoe</strong></span> 
     </span>
     <span class='ocr_line' id='line_1_8' title="bbox 197 550 898 621; baseline -0.001 -17"><span class='ocrx_word' id='word_1_28' title='bbox 197 554 390 621; x_wconf 75' lang='lat' dir='ltr'>sperationem,</span> <span class='ocrx_word' id='word_1_29' title='bbox 400 557 440 616; x_wconf 90' lang='lat' dir='ltr'><strong>ut,</strong></span> <span class='ocrx_word' id='word_1_30' title='bbox 451 551 542 617; x_wconf 87' lang='lat' dir='ltr'><strong>quoad</strong></span> <span class='ocrx_word' id='word_1_31' title='bbox 552 555 690 618; x_wconf 72' lang='lat' dir='ltr'><strong>potestate</strong></span> <span class='ocrx_word' id='word_1_32' title='bbox 700 550 799 613; x_wconf 85' lang='lat' dir='ltr'><strong>abiret,</strong></span> <span class='ocrx_word' id='word_1_33' title='bbox 816 552 898 603; x_wconf 90' lang='lat' dir='ltr'><strong>domo</strong></span> 
     </span>
     <span class='ocr_line' id='line_1_9' title="bbox 196 625 872 692; baseline -0.003 -14"><span class='ocrx_word' id='word_1_34' title='bbox 196 635 255 692; x_wconf 73' lang='lat' dir='ltr'><strong>tus,</strong></span> <span class='ocrx_word' id='word_1_35' title='bbox 266 626 337 680; x_wconf 90' lang='lat' dir='ltr'><strong>nihil</strong></span> <span class='ocrx_word' id='word_1_36' title='bbox 347 625 422 677; x_wconf 86' lang='lat' dir='ltr'><strong>aliud</strong></span> <span class='ocrx_word' id='word_1_37' title='bbox 433 640 513 692; x_wconf 84' lang='lat' dir='ltr'><strong>qnam</strong></span> <span class='ocrx_word' id='word_1_38' title='bbox 523 640 573 691; x_wconf 87' lang='lat' dir='ltr'><strong>per</strong></span> <span class='ocrx_word' id='word_1_39' title='bbox 583 625 675 676; x_wconf 82' lang='lat' dir='ltr'><strong>edicta</strong></span> <span class='ocrx_word' id='word_1_40' title='bbox 685 625 872 677; x_wconf 85' lang='lat' dir='ltr'><strong>obuuuoiaret.</strong></span> 
     </span>
     <span class='ocr_line' id='line_1_10' title="bbox 198 699 911 767; baseline -0.006 -13"><span class='ocrx_word' id='word_1_41' title='bbox 198 717 232 754; x_wconf 86' lang='lat' dir='ltr'><strong>ex</strong></span> <span class='ocrx_word' id='word_1_42' title='bbox 252 718 285 754; x_wconf 89' lang='lat' dir='ltr'><strong>eo</strong></span> <span class='ocrx_word' id='word_1_43' title='bbox 305 707 428 767; x_wconf 87' lang='lat' dir='ltr'><strong>tempore</strong></span> <span class='ocrx_word' id='word_1_44' title='bbox 443 700 536 750; x_wconf 86' lang='lat' dir='ltr'><strong>onmia</strong></span> <span class='ocrx_word' id='word_1_45' title='bbox 549 700 579 750; x_wconf 89' lang='lat' dir='ltr'><strong>in</strong></span> <span class='ocrx_word' id='word_1_46' title='bbox 592 699 735 767; x_wconf 77' lang='lat' dir='ltr'><strong>republica</strong></span> <span class='ocrx_word' id='word_1_47' title='bbox 749 707 776 750; x_wconf 87' lang='lat' dir='ltr'><strong>et</strong></span> <span class='ocrx_word' id='word_1_48' title='bbox 791 701 826 749; x_wconf 89' lang='lat' dir='ltr'><strong>ad</strong></span> <span class='ocrx_word' id='word_1_49' title='bbox 842 700 911 750; x_wconf 87' lang='lat' dir='ltr'><strong>arbi</strong></span> 
     </span>
     <span class='ocr_line' id='line_1_11' title="bbox 199 773 904 840; baseline -0.006 -12"><span class='ocrx_word' id='word_1_50' title='bbox 199 775 413 828; x_wconf 82' lang='lat' dir='ltr'><strong>administravit:</strong></span> <span class='ocrx_word' id='word_1_51' title='bbox 436 779 469 825; x_wconf 90' lang='lat' dir='ltr'><strong>ut</strong></span> <span class='ocrx_word' id='word_1_52' title='bbox 480 775 607 826; x_wconf 85' lang='lat' dir='ltr'><strong>nonnulli</strong></span> <span class='ocrx_word' id='word_1_53' title='bbox 619 773 800 837; x_wconf 77' lang='lat' dir='ltr'><strong>urbanorum,</strong></span> <span class='ocrx_word' id='word_1_54' title='bbox 822 789 904 840; x_wconf 75' lang='lat' dir='ltr'><strong>qurum</strong></span> 
     </span>
     <span class='ocr_line' id='line_1_12' title="bbox 197 848 909 919; baseline -0.004 -18"><span class='ocrx_word' id='word_1_55' title='bbox 197 867 247 918; x_wconf 89' lang='lat' dir='ltr'><strong>per</strong></span> <span class='ocrx_word' id='word_1_56' title='bbox 255 848 479 919; x_wconf 80' lang='lat' dir='ltr'><strong>ioeumtestnndi</strong></span> <span class='ocrx_word' id='word_1_57' title='bbox 491 849 583 915; x_wconf 81' lang='lat' dir='ltr'><strong>gratia</strong></span> <span class='ocrx_word' id='word_1_58' title='bbox 593 849 744 919; x_wconf 78' lang='lat' dir='ltr'><strong>signarent,</strong></span> <span class='ocrx_word' id='word_1_59' title='bbox 765 864 821 900; x_wconf 87' lang='lat' dir='ltr'><strong>non</strong></span> <span class='ocrx_word' id='word_1_60' title='bbox 834 848 909 899; x_wconf 79' lang='lat' dir='ltr'><strong>Caes</strong></span> 
     </span>
     <span class='ocr_line' id='line_1_13' title="bbox 198 921 911 985; baseline -0.004 -8"><span class='ocrx_word' id='word_1_61' title='bbox 198 923 307 985; x_wconf 80' lang='lat' dir='ltr'><strong>Bibulo,</strong></span> <span class='ocrx_word' id='word_1_62' title='bbox 327 923 376 974; x_wconf 89' lang='lat' dir='ltr'><strong>sed</strong></span> <span class='ocrx_word' id='word_1_63' title='bbox 386 921 454 973; x_wconf 76' lang='lat' dir='ltr'><strong>lulio</strong></span> <span class='ocrx_word' id='word_1_64' title='bbox 465 931 492 972; x_wconf 85' lang='lat' dir='ltr'><strong>et</strong></span> <span class='ocrx_word' id='word_1_65' title='bbox 503 922 615 974; x_wconf 73' lang='lat' dir='ltr'><strong>Caesare</strong></span> <span class='ocrx_word' id='word_1_66' title='bbox 625 922 770 974; x_wconf 70' lang='lat' dir='ltr'><strong>oonsulibus</strong></span> <span class='ocrx_word' id='word_1_67' title='bbox 784 928 874 974; x_wconf 78' lang='lat' dir='ltr'><strong>aetum</strong></span> <span class='ocrx_word' id='word_1_68' title='bbox 885 939 911 974; x_wconf 77' lang='lat' dir='ltr'><strong>s·</strong></span> 
     </span>
     <span class='ocr_line' id='line_1_14' title="bbox 199 997 911 1064; baseline 0 -15"><span class='ocrx_word' id='word_1_69' title='bbox 199 1004 267 1061; x_wconf 82' lang='lat' dir='ltr'><strong>rent,</strong></span> <span class='ocrx_word' id='word_1_70' title='bbox 277 999 321 1049; x_wconf 80' lang='lat' dir='ltr'><strong>bis</strong></span> <span class='ocrx_word' id='word_1_71' title='bbox 331 997 444 1048; x_wconf 73' lang='lat' dir='ltr'><strong>eumdem</strong></span> <span class='ocrx_word' id='word_1_72' title='bbox 456 1003 662 1064; x_wconf 74' lang='lat' dir='ltr'><strong>praeponentes,</strong></span> <span class='ocrx_word' id='word_1_73' title='bbox 673 997 784 1048; x_wconf 86' lang='lat' dir='ltr'><strong>nomine</strong></span> <span class='ocrx_word' id='word_1_74' title='bbox 793 1004 875 1064; x_wconf 88' lang='lat' dir='ltr'><strong>atque</strong></span> <span class='ocrx_word' id='word_1_75' title='bbox 885 1013 911 1049; x_wconf 65' lang='lat' dir='ltr'><strong>ct</strong></span> 
     </span>
     <span class='ocr_line' id='line_1_15' title="bbox 199 1069 855 1139; baseline -0.003 -16"><span class='ocrx_word' id='word_1_76' title='bbox 199 1074 283 1135; x_wconf 84' lang='lat' dir='ltr'><strong>mine3</strong></span> <span class='ocrx_word' id='word_1_77' title='bbox 301 1078 387 1139; x_wconf 84' lang='lat' dir='ltr'><strong>utque</strong></span> <span class='ocrx_word' id='word_1_78' title='bbox 396 1071 478 1138; x_wconf 77' lang='lat' dir='ltr'><strong>vulgo</strong></span> <span class='ocrx_word' id='word_1_79' title='bbox 489 1086 554 1122; x_wconf 83' lang='lat' dir='ltr'><strong>mox</strong></span> <span class='ocrx_word' id='word_1_80' title='bbox 564 1071 700 1122; x_wconf 86' lang='lat' dir='ltr'><strong>ferrentur</strong></span> <span class='ocrx_word' id='word_1_81' title='bbox 710 1069 740 1122; x_wconf 88' lang='lat' dir='ltr'><strong>hi</strong></span> <span class='ocrx_word' id='word_1_82' title='bbox 748 1074 855 1123; x_wconf 79' lang='lat' dir='ltr'><strong>versus:</strong></span> 
     </span>
     <span class='ocr_line' id='line_1_16' title="bbox 217 1144 909 1217; baseline 0.001 -20"><span class='ocrx_word' id='word_1_83' title='bbox 217 1144 376 1198; x_wconf 79' lang='lat' dir='ltr'><strong>NonBr&#39;lulo</strong></span> <span class='ocrx_word' id='word_1_84' title='bbox 388 1145 526 1212; x_wconf 76' lang='lat' dir='ltr'><strong>quiequam</strong></span> <span class='ocrx_word' id='word_1_85' title='bbox 535 1161 625 1212; x_wconf 77' lang='lat' dir='ltr'><strong>nuper,</strong></span> <span class='ocrx_word' id='word_1_86' title='bbox 636 1146 682 1196; x_wconf 81' lang='lat' dir='ltr'><strong>ted</strong></span> <span class='ocrx_word' id='word_1_87' title='bbox 690 1144 810 1209; x_wconf 63' lang='lat' dir='ltr'><strong>Camere,</strong></span> <span class='ocrx_word' id='word_1_88' title='bbox 815 1144 909 1217; x_wconf 76' lang='lat' dir='ltr'><strong>factu</strong></span> 
     </span>
     <span class='ocr_line' id='line_1_17' title="bbox 255 1218 781 1289; baseline -0.004 -18"><span class='ocrx_word' id='word_1_89' title='bbox 255 1219 324 1272; x_wconf 82' lang='lat' dir='ltr'><strong>Num</strong></span> <span class='ocrx_word' id='word_1_90' title='bbox 333 1218 501 1289; x_wconf 74' lang='lat' dir='ltr'><strong>Bibuloflers’</strong></span> <span class='ocrx_word' id='word_1_91' title='bbox 509 1221 612 1272; x_wconf 79' lang='lat' dir='ltr'><strong>consule</strong></span> <span class='ocrx_word' id='word_1_92' title='bbox 621 1219 661 1271; x_wconf 78' lang='lat' dir='ltr'><strong>nil</strong></span> <span class='ocrx_word' id='word_1_93' title='bbox 668 1218 781 1270; x_wconf 72' lang='lat' dir='ltr'><strong>tuemini.</strong></span> 
     </span>
    </p>

    <p class='ocr_par' dir='ltr' id='par_1_6' title="bbox 146 1294 911 2783">
     <span class='ocr_line' id='line_1_18' title="bbox 201 1294 911 1362; baseline -0.001 -16"><span class='ocrx_word' id='word_1_94' title='bbox 201 1297 332 1362; x_wconf 83' lang='lat' dir='ltr'><strong>Campum</strong></span> <span class='ocrx_word' id='word_1_95' title='bbox 343 1294 497 1358; x_wconf 81' lang='lat' dir='ltr'><strong>Stellatem,</strong></span> <span class='ocrx_word' id='word_1_96' title='bbox 508 1295 660 1346; x_wconf 85' lang='lat' dir='ltr'><strong>maioribus</strong></span> <span class='ocrx_word' id='word_1_97' title='bbox 671 1300 869 1359; x_wconf 79' lang='lat' dir='ltr'><strong>consecratum,</strong></span> <span class='ocrx_word' id='word_1_98' title='bbox 881 1309 911 1355; x_wconf 52' lang='lat' dir='ltr'><strong>ny</strong></span> 
     </span>
     <span class='ocr_line' id='line_1_19' title="bbox 201 1367 911 1436; baseline 0 -16"><span class='ocrx_word' id='word_1_99' title='bbox 201 1386 253 1436; x_wconf 88' lang='lat' dir='ltr'><strong>que</strong></span> <span class='ocrx_word' id='word_1_100' title='bbox 265 1370 446 1436; x_wconf 80' lang='lat' dir='ltr'><strong>Campanum,</strong></span> <span class='ocrx_word' id='word_1_101' title='bbox 466 1369 501 1419; x_wconf 93' lang='lat' dir='ltr'><strong>ad</strong></span> <span class='ocrx_word' id='word_1_102' title='bbox 512 1369 637 1420; x_wconf 84' lang='lat' dir='ltr'><strong>subsidia</strong></span> <span class='ocrx_word' id='word_1_103' title='bbox 649 1367 818 1435; x_wconf 81' lang='lat' dir='ltr'><strong>reipublicae</strong></span> <span class='ocrx_word' id='word_1_104' title='bbox 826 1385 859 1420; x_wconf 88' lang='lat' dir='ltr'><strong>ve</strong></span> <span class='ocrx_word' id='word_1_105' title='bbox 885 1392 891 1413; x_wconf 70' lang='grc' dir='ltr'>ι</span> <span class='ocrx_word' id='word_1_106' title='bbox 903 1390 911 1430; x_wconf 66' lang='lat'>2</span> 
     </span>
     <span class='ocr_line' id='line_1_20' title="bbox 200 1442 902 1511; baseline -0.009 -16"><span class='ocrx_word' id='word_1_107' title='bbox 200 1445 338 1508; x_wconf 87' lang='lat' dir='ltr'><strong>relictum,</strong></span> <span class='ocrx_word' id='word_1_108' title='bbox 359 1443 454 1494; x_wconf 85' lang='lat' dir='ltr'><strong>divisit</strong></span> <span class='ocrx_word' id='word_1_109' title='bbox 463 1450 541 1495; x_wconf 85' lang='lat' dir='ltr'><strong>extra</strong></span> <span class='ocrx_word' id='word_1_110' title='bbox 550 1449 651 1495; x_wconf 84' lang='lat' dir='ltr'><strong>sortem</strong></span> <span class='ocrx_word' id='word_1_111' title='bbox 667 1443 702 1494; x_wconf 83' lang='lat' dir='ltr'><strong>ad</strong></span> <span class='ocrx_word' id='word_1_112' title='bbox 711 1444 810 1511; x_wconf 74' lang='lat' dir='ltr'><strong>viginti</strong></span> <span class='ocrx_word' id='word_1_113' title='bbox 818 1442 902 1494; x_wconf 89' lang='lat' dir='ltr'><strong>milli</strong></span> 
     </span>
     <span class='ocr_line' id='line_1_21' title="bbox 146 1516 904 1586; baseline -0.003 -16"><span class='ocrx_word' id='word_1_114' title='bbox 146 1572 149 1579; x_wconf 73' lang='grc'><em>,</em></span> <span class='ocrx_word' id='word_1_115' title='bbox 200 1520 288 1583; x_wconf 82' lang='lat' dir='ltr'><strong>vium,</strong></span> <span class='ocrx_word' id='word_1_116' title='bbox 308 1517 408 1586; x_wconf 85' lang='lat' dir='ltr'><strong>qulbus</strong></span> <span class='ocrx_word' id='word_1_117' title='bbox 418 1518 490 1570; x_wconf 89' lang='lat' dir='ltr'><strong>terni</strong></span> <span class='ocrx_word' id='word_1_118' title='bbox 499 1518 625 1586; x_wconf 85' lang='lat' dir='ltr'><strong>pluresve</strong></span> <span class='ocrx_word' id='word_1_119' title='bbox 634 1518 715 1570; x_wconf 82' lang='lat' dir='ltr'><strong>liberi</strong></span> <span class='ocrx_word' id='word_1_120' title='bbox 724 1524 823 1570; x_wconf 86' lang='lat' dir='ltr'><strong>esseut.</strong></span> <span class='ocrx_word' id='word_1_121' title='bbox 861 1516 904 1568; x_wconf 91' lang='lat' dir='ltr'><strong>Pu</strong></span> 
     </span>
     <span class='ocr_line' id='line_1_22' title="bbox 201 1592 891 1660; baseline -0.003 -15"><span class='ocrx_word' id='word_1_122' title='bbox 201 1609 253 1645; x_wconf 87' lang='lat' dir='ltr'><strong>nos</strong></span> <span class='ocrx_word' id='word_1_123' title='bbox 275 1594 465 1645; x_wconf 85' lang='lat' dir='ltr'><strong>remissionem</strong></span> <span class='ocrx_word' id='word_1_124' title='bbox 487 1598 610 1660; x_wconf 89' lang='lat' dir='ltr'><strong>petentes</strong></span> <span class='ocrx_word' id='word_1_125' title='bbox 635 1594 719 1644; x_wconf 81' lang='lat' dir='ltr'><strong>tertis</strong></span> <span class='ocrx_word' id='word_1_126' title='bbox 736 1592 891 1644; x_wconf 81' lang='lat' dir='ltr'><strong>mercedum</strong></span> 
     </span>
     <span class='ocr_line' id='line_1_23' title="bbox 201 1666 911 1732; baseline -0.001 -13"><span class='ocrx_word' id='word_1_127' title='bbox 201 1668 346 1732; x_wconf 79' lang='lat' dir='ltr'><strong>relevavit,</strong></span> <span class='ocrx_word' id='word_1_128' title='bbox 367 1683 413 1732; x_wconf 87' lang='lat' dir='ltr'><strong>ac,</strong></span> <span class='ocrx_word' id='word_1_129' title='bbox 432 1682 467 1718; x_wconf 89' lang='lat' dir='ltr'><strong>ne</strong></span> <span class='ocrx_word' id='word_1_130' title='bbox 480 1668 509 1717; x_wconf 91' lang='lat' dir='ltr'><strong>in</strong></span> <span class='ocrx_word' id='word_1_131' title='bbox 519 1666 659 1719; x_wconf 82' lang='lat' dir='ltr'><strong>locatione</strong></span> <span class='ocrx_word' id='word_1_132' title='bbox 668 1681 801 1717; x_wconf 85' lang='lat' dir='ltr'><strong>novorum</strong></span> <span class='ocrx_word' id='word_1_133' title='bbox 812 1668 911 1728; x_wconf 63' lang='lat' dir='ltr'><strong>veeti22</strong></span> 
     </span>
     <span class='ocr_line' id='line_1_24' title="bbox 201 1740 911 1806; baseline -0.001 -12"><span class='ocrx_word' id='word_1_134' title='bbox 201 1742 410 1794; x_wconf 77' lang='lat' dir='ltr'><strong>immoderatius</strong></span> <span class='ocrx_word' id='word_1_135' title='bbox 421 1741 600 1803; x_wconf 78' lang='lat' dir='ltr'><strong>liciterentur,</strong></span> <span class='ocrx_word' id='word_1_136' title='bbox 610 1740 754 1806; x_wconf 81' lang='lat' dir='ltr'><strong>propalam</strong></span> <span class='ocrx_word' id='word_1_137' title='bbox 765 1742 880 1792; x_wconf 89' lang='lat' dir='ltr'><strong>monuit.</strong></span> <span class='ocrx_word' id='word_1_138' title='bbox 900 1748 911 1784; x_wconf 73' lang='lat'>0</span> 
     </span>
     <span class='ocr_line' id='line_1_25' title="bbox 201 1813 908 1882; baseline -0.008 -15"><span class='ocrx_word' id='word_1_139' title='bbox 201 1818 280 1879; x_wconf 90' lang='lat' dir='ltr'><strong>item,</strong></span> <span class='ocrx_word' id='word_1_140' title='bbox 300 1830 372 1882; x_wconf 82' lang='lat' dir='ltr'><strong>quae</strong></span> <span class='ocrx_word' id='word_1_141' title='bbox 381 1815 479 1881; x_wconf 73' lang='lat' dir='ltr'><strong>tuique</strong></span> <span class='ocrx_word' id='word_1_142' title='bbox 489 1813 645 1877; x_wconf 83' lang='lat' dir='ltr'><strong>libuissent,</strong></span> <span class='ocrx_word' id='word_1_143' title='bbox 660 1814 806 1882; x_wconf 84' lang='lat' dir='ltr'><strong>dilargitus</strong></span> <span class='ocrx_word' id='word_1_144' title='bbox 817 1821 870 1879; x_wconf 85' lang='lat' dir='ltr'><strong>est,</strong></span> <span class='ocrx_word' id='word_1_145' title='bbox 881 1830 908 1867; x_wconf 72' lang='grc' dir='ltr'><strong>οι</strong></span> 
     </span>
     <span class='ocr_line' id='line_1_26' title="bbox 202 1888 902 1956; baseline 0 -15"><span class='ocrx_word' id='word_1_146' title='bbox 202 1891 310 1941; x_wconf 82' lang='lat' dir='ltr'><strong>dicente</strong></span> <span class='ocrx_word' id='word_1_147' title='bbox 318 1888 409 1951; x_wconf 85' lang='lat' dir='ltr'><strong>nullo,</strong></span> <span class='ocrx_word' id='word_1_148' title='bbox 425 1903 467 1951; x_wconf 85' lang='lat' dir='ltr'><strong>ao,</strong></span> <span class='ocrx_word' id='word_1_149' title='bbox 478 1888 504 1938; x_wconf 90' lang='lat' dir='ltr'><strong>si</strong></span> <span class='ocrx_word' id='word_1_150' title='bbox 514 1893 660 1939; x_wconf 82' lang='lat' dir='ltr'><strong>conaretur</strong></span> <span class='ocrx_word' id='word_1_151' title='bbox 670 1889 744 1956; x_wconf 88' lang='lat' dir='ltr'><strong>quis,</strong></span> <span class='ocrx_word' id='word_1_152' title='bbox 756 1890 902 1941; x_wconf 78' lang='lat' dir='ltr'><strong>absterrito</strong></span> 
     </span>
     <span class='ocr_line' id='line_1_27' title="bbox 203 1961 887 2031; baseline 0 -16"><span class='ocrx_word' id='word_1_153' title='bbox 203 1965 335 2015; x_wconf 77' lang='lat' dir='ltr'><strong>Catonem</strong></span> <span class='ocrx_word' id='word_1_154' title='bbox 348 1961 566 2029; x_wconf 84' lang='lat' dir='ltr'><strong>interpellantem</strong></span> <span class='ocrx_word' id='word_1_155' title='bbox 581 1961 688 2014; x_wconf 81' lang='lat' dir='ltr'><strong>extrahi</strong></span> <span class='ocrx_word' id='word_1_156' title='bbox 703 1965 779 2015; x_wconf 78' lang='lat' dir='ltr'><strong>cruia</strong></span> <span class='ocrx_word' id='word_1_157' title='bbox 796 1979 846 2031; x_wconf 89' lang='lat' dir='ltr'><strong>per</strong></span> <span class='ocrx_word' id='word_1_158' title='bbox 864 1964 887 2015; x_wconf 93' lang='lat' dir='ltr'><strong>li</strong></span> 
     </span>
     <span class='ocr_line' id='line_1_28' title="bbox 202 2037 903 2106; baseline 0 -16"><span class='ocrx_word' id='word_1_159' title='bbox 202 2039 320 2106; x_wconf 85' lang='lat' dir='ltr'><strong>ducique</strong></span> <span class='ocrx_word' id='word_1_160' title='bbox 329 2037 359 2088; x_wconf 93' lang='lat' dir='ltr'><strong>in</strong></span> <span class='ocrx_word' id='word_1_161' title='bbox 369 2051 504 2089; x_wconf 84' lang='lat' dir='ltr'><strong>carcerem</strong></span> <span class='ocrx_word' id='word_1_162' title='bbox 514 2037 605 2088; x_wconf 85' lang='lat' dir='ltr'><strong>iussit.</strong></span> <span class='ocrx_word' id='word_1_163' title='bbox 643 2037 677 2088; x_wconf 86' lang='lat' dir='ltr'><strong>L.</strong></span> <span class='ocrx_word' id='word_1_164' title='bbox 688 2038 806 2090; x_wconf 79' lang='lat' dir='ltr'><strong>ereullo</strong></span> <span class='ocrx_word' id='word_1_165' title='bbox 821 2039 903 2090; x_wconf 85' lang='lat' dir='ltr'><strong>liberi</strong></span> 
     </span>
     <span class='ocr_line' id='line_1_29' title="bbox 202 2110 889 2176; baseline -0.001 -11"><span class='ocrx_word' id='word_1_166' title='bbox 202 2113 312 2165; x_wconf 88' lang='lat' dir='ltr'><strong>sistenti</strong></span> <span class='ocrx_word' id='word_1_167' title='bbox 328 2117 436 2167; x_wconf 83' lang='lat' dir='ltr'><strong>tnntmu</strong></span> <span class='ocrx_word' id='word_1_168' title='bbox 455 2110 652 2163; x_wconf 79' lang='lat' dir='ltr'><strong>oelrmmianrm</strong></span> <span class='ocrx_word' id='word_1_169' title='bbox 667 2119 767 2165; x_wconf 85' lang='lat' dir='ltr'><strong>metum</strong></span> <span class='ocrx_word' id='word_1_170' title='bbox 781 2113 889 2176; x_wconf 78' lang='lat' dir='ltr'><strong>iniecit,</strong></span> 
     </span>
     <span class='ocr_line' id='line_1_30' title="bbox 202 2186 905 2256; baseline -0.006 -17"><span class='ocrx_word' id='word_1_171' title='bbox 202 2202 292 2256; x_wconf 80' lang='lat' dir='ltr'><strong>genua</strong></span> <span class='ocrx_word' id='word_1_172' title='bbox 301 2186 374 2237; x_wconf 92' lang='lat' dir='ltr'><strong>ultro</strong></span> <span class='ocrx_word' id='word_1_173' title='bbox 386 2186 441 2236; x_wconf 85' lang='lat' dir='ltr'><strong>sihi</strong></span> <span class='ocrx_word' id='word_1_174' title='bbox 452 2186 596 2238; x_wconf 85' lang='lat' dir='ltr'><strong>accideret.</strong></span> <span class='ocrx_word' id='word_1_175' title='bbox 627 2187 758 2239; x_wconf 85' lang='lat' dir='ltr'><strong>Cicerone</strong></span> <span class='ocrx_word' id='word_1_176' title='bbox 767 2187 797 2237; x_wconf 90' lang='lat' dir='ltr'><strong>iu</strong></span> <span class='ocrx_word' id='word_1_177' title='bbox 805 2187 905 2238; x_wconf 81' lang='lat' dir='ltr'><strong>indici</strong></span> 
     </span>
     <span class='ocr_line' id='line_1_31' title="bbox 203 2261 910 2328; baseline -0.003 -14"><span class='ocrx_word' id='word_1_178' title='bbox 203 2265 267 2314; x_wconf 87' lang='lat' dir='ltr'><strong>dnm</strong></span> <span class='ocrx_word' id='word_1_179' title='bbox 278 2261 439 2328; x_wconf 87' lang='lat' dir='ltr'><strong>deplorante</strong></span> <span class='ocrx_word' id='word_1_180' title='bbox 448 2267 602 2328; x_wconf 87' lang='lat' dir='ltr'><strong>temporum</strong></span> <span class='ocrx_word' id='word_1_181' title='bbox 612 2268 727 2325; x_wconf 85' lang='lat' dir='ltr'><strong>statum,</strong></span> <span class='ocrx_word' id='word_1_182' title='bbox 741 2261 771 2312; x_wconf 89' lang='lat' dir='ltr'><strong>P.</strong></span> <span class='ocrx_word' id='word_1_183' title='bbox 784 2261 910 2312; x_wconf 77' lang='lat' dir='ltr'><strong>Clodium</strong></span> 
     </span>
     <span class='ocr_line' id='line_1_32' title="bbox 202 2334 911 2404; baseline -0.006 -14"><span class='ocrx_word' id='word_1_184' title='bbox 202 2338 303 2390; x_wconf 84' lang='lat' dir='ltr'><strong>minum</strong></span> <span class='ocrx_word' id='word_1_185' title='bbox 314 2335 388 2399; x_wconf 84' lang='lat' dir='ltr'><strong>eius,</strong></span> <span class='ocrx_word' id='word_1_186' title='bbox 408 2334 511 2386; x_wconf 82' lang='lat' dir='ltr'><strong>frustra</strong></span> <span class='ocrx_word' id='word_1_187' title='bbox 523 2336 579 2387; x_wconf 86' lang='lat' dir='ltr'><strong>iam</strong></span> <span class='ocrx_word' id='word_1_188' title='bbox 594 2336 700 2404; x_wconf 84' lang='lat' dir='ltr'><strong>pridem</strong></span> <span class='ocrx_word' id='word_1_189' title='bbox 715 2335 869 2387; x_wconf 76' lang='lat' dir='ltr'><strong>sPutribus</strong></span> <span class='ocrx_word' id='word_1_190' title='bbox 885 2350 911 2386; x_wconf 61' lang='lat' dir='ltr'><strong>a*</strong></span> 
     </span>
     <span class='ocr_line' id='line_1_33' title="bbox 203 2407 899 2477; baseline -0.003 -13"><span class='ocrx_word' id='word_1_191' title='bbox 203 2413 265 2464; x_wconf 90' lang='lat' dir='ltr'><strong>bem</strong></span> <span class='ocrx_word' id='word_1_192' title='bbox 283 2411 403 2463; x_wconf 70' lang='lat' dir='ltr'><strong>usnsire</strong></span> <span class='ocrx_word' id='word_1_193' title='bbox 422 2411 566 2475; x_wconf 86' lang='lat' dir='ltr'><strong>nitentem,</strong></span> <span class='ocrx_word' id='word_1_194' title='bbox 590 2410 687 2462; x_wconf 89' lang='lat' dir='ltr'><strong>eodem</strong></span> <span class='ocrx_word' id='word_1_195' title='bbox 711 2409 755 2460; x_wconf 91' lang='lat' dir='ltr'><strong>die</strong></span> <span class='ocrx_word' id='word_1_196' title='bbox 775 2407 899 2477; x_wconf 82' lang='lat' dir='ltr'><strong>horaque</strong></span> 
     </span>
     <span class='ocr_line' id='line_1_34' title="bbox 203 2483 911 2538; baseline -0.001 0"><span class='ocrx_word' id='word_1_197' title='bbox 203 2484 368 2538; x_wconf 83' lang='lat' dir='ltr'><strong>transduxit.</strong></span> <span class='ocrx_word' id='word_1_198' title='bbox 406 2484 549 2537; x_wconf 86' lang='lat' dir='ltr'><strong>Postremo</strong></span> <span class='ocrx_word' id='word_1_199' title='bbox 564 2485 746 2536; x_wconf 82' lang='lat' dir='ltr'><strong>inuniversos</strong></span> <span class='ocrx_word' id='word_1_200' title='bbox 757 2483 882 2536; x_wconf 72' lang='lat' dir='ltr'><strong>divensem</strong></span> <span class='ocrx_word' id='word_1_201' title='bbox 891 2485 911 2537; x_wconf 24' lang='lat' dir='ltr'><strong>f,</strong></span> 
     </span>
     <span class='ocr_line' id='line_1_35' title="bbox 202 2558 906 2625; baseline -0.001 -13"><span class='ocrx_word' id='word_1_202' title='bbox 202 2562 246 2612; x_wconf 84' lang='lat' dir='ltr'><strong>nis</strong></span> <span class='ocrx_word' id='word_1_203' title='bbox 265 2559 375 2612; x_wconf 79' lang='lat' dir='ltr'><strong>induxit</strong></span> <span class='ocrx_word' id='word_1_204' title='bbox 393 2558 516 2612; x_wconf 84' lang='lat' dir='ltr'><strong>Vettium</strong></span> <span class='ocrx_word' id='word_1_205' title='bbox 534 2559 678 2625; x_wconf 70' lang='lat' dir='ltr'><strong>praemiis,</strong></span> <span class='ocrx_word' id='word_1_206' title='bbox 697 2564 730 2608; x_wconf 89' lang='lat' dir='ltr'><strong>ut</strong></span> <span class='ocrx_word' id='word_1_207' title='bbox 747 2574 777 2610; x_wconf 87' lang='lat' dir='ltr'><strong>se</strong></span> <span class='ocrx_word' id='word_1_208' title='bbox 797 2559 831 2610; x_wconf 89' lang='lat' dir='ltr'><strong>de</strong></span> <span class='ocrx_word' id='word_1_209' title='bbox 849 2558 906 2612; x_wconf 85' lang='lat' dir='ltr'><strong>infe</strong></span> 
     </span>
     <span class='ocr_line' id='line_1_36' title="bbox 203 2633 904 2702; baseline 0.001 -18"><span class='ocrx_word' id='word_1_210' title='bbox 203 2634 340 2701; x_wconf 84' lang='lat' dir='ltr'><strong>Pompeio</strong></span> <span class='ocrx_word' id='word_1_211' title='bbox 346 2648 413 2687; x_wconf 86' lang='lat' dir='ltr'><strong>ueee</strong></span> <span class='ocrx_word' id='word_1_212' title='bbox 422 2633 602 2686; x_wconf 78' lang='lat' dir='ltr'><strong>sollicitatum</strong></span> <span class='ocrx_word' id='word_1_213' title='bbox 612 2648 630 2684; x_wconf 82' lang='lat' dir='ltr'><strong>a</strong></span> <span class='ocrx_word' id='word_1_214' title='bbox 641 2633 802 2701; x_wconf 87' lang='lat' dir='ltr'><strong>quibusdam</strong></span> <span class='ocrx_word' id='word_1_215' title='bbox 807 2635 904 2702; x_wconf 81' lang='lat' dir='ltr'><strong>proiit</strong></span> 
     </span>
     <span class='ocr_line' id='line_1_37' title="bbox 194 2708 911 2783; baseline 0.001 -25"><span class='ocrx_word' id='word_1_216' title='bbox 194 2709 406 2783; x_wconf 73' lang='lat' dir='ltr'><strong>produotnspnp</strong></span> <span class='ocrx_word' id='word_1_217' title='bbox 418 2723 471 2778; x_wconf 84' lang='lat' dir='ltr'><strong>pro</strong></span> <span class='ocrx_word' id='word_1_218' title='bbox 484 2708 584 2761; x_wconf 84' lang='lat' dir='ltr'><strong>rostris</strong></span> <span class='ocrx_word' id='word_1_219' title='bbox 598 2713 726 2761; x_wconf 79' lang='lat' dir='ltr'><strong>auctores</strong></span> <span class='ocrx_word' id='word_1_220' title='bbox 740 2722 773 2761; x_wconf 82' lang='lat' dir='ltr'><strong>ex</strong></span> <span class='ocrx_word' id='word_1_221' title='bbox 787 2720 886 2776; x_wconf 84' lang='lat' dir='ltr'><strong>oompu</strong></span> <span class='ocrx_word' id='word_1_222' title='bbox 910 2736 911 2743; x_wconf 26' lang='grc' dir='ltr'><strong>κ</strong></span> 
     </span>
    </p>
   </div>
   <div class='ocr_carea' id='block_1_6' title="bbox 2 0 920 3068">
    <p class='ocr_par' dir='ltr' id='par_1_7' title="bbox 2 0 920 3068">
     <span class='ocr_line' id='line_1_38' title="bbox 2 0 920 3068; baseline 0 0"><span class='ocrx_word' id='word_1_223' title='bbox 2 0 920 3068; x_wconf 95' lang='lat' dir='ltr'><strong> </strong></span> 
     </span>
    </p>
   </div>
  </div>
 </body>
</html>
