1874 3060
288 199 399 248 Nuno.
437 201 515 252 CAP.
533 204 649 250 ta-t‘l.
818 201 869 254 25⁷

78 325 247 379 somniorum
261 329 289 375 et
301 324 489 391 auspiciorum
503 329 532 378 et
545 325 679 390 ominum,
699 331 758 378 tum
772 328 870 380 reteri·

77 401 138 463 hus,
149 405 210 450 tum
221 398 311 449 novis.
348 397 495 466 Nunquam
510 404 593 451 autea
607 400 746 452 somniare
759 400 869 465 solitus,

77 475 170 526 occisa
184 472 292 523 demum
305 477 393 523 matre
406 473 478 524 vidit
490 489 539 540 per
553 473 684 542 quietem,
705 489 802 525 navem
816 475 871 525 sibi

77 548 182 616 regenti
191 551 329 598 extortum
339 546 566 613 gubernaculum,
576 545 704 614 trahique
713 547 871 599 seahOcta-

76 623 122 674 ria
134 636 224 672 uxore
237 620 268 670 iu
283 620 437 671 artissimas
450 622 590 685 tenebras,
610 627 638 673 et
646 622 730 673 modo
741 628 871 689 pennata-

77 712 135 748 rutn
146 695 327 746 formicarum
336 694 512 747 multitudine
526 695 646 765 oppleri,
665 696 750 748 modo
761 711 779 747 a
789 696 872 747 simn-

77 771 160 821 lscris
179 769 302 836 gentium
322 767 358 818 ad
377 767 504 836 Pompeii
522 767 658 821 theatrum
683 770 872 823 dedicatarum

78 843 219 896 cirusmiri
243 843 385 909 arcerique
409 856 570 910 progressu3
598 844 791 910 Asturconem,
817 858 872 912 quo

77 919 197 970 marinis
206 916 376 980 laetabatur,
396 918 551 983 posteriore
565 919 690 984 corporis
704 924 783 989 parte
796 919 826 970 iu
836 919 872 970 si·

78 993 151 1044 nise
160 991 280 1059 speeiem
291 990 530 1058 transfiguratum,
545 1005 579 1041 ac
588 997 694 1043 tantum
705 994 795 1061 capite
803 994 872 1045 inte-

77 1081 127 1134 gro
143 1064 267 1116 hinnitus
282 1064 362 1116 edere
377 1080 504 1116 canoros.
543 1065 586 1117 De
594 1065 755 1132 Mausoleo,
775 1073 873 1134 sponte

76 1139 186 1193 loribus
205 1136 365 1208 patefactis,
385 1139 516 1191 exaudita
534 1154 589 1191 vox
608 1146 662 1204 est,
682 1142 793 1192 nomine
812 1155 874 1192 eum

79 1215 186 1268 dentis.
224 1212 359 1264 Kalendis
373 1212 511 1264 Ianuariis
525 1215 652 1266 exornati
665 1213 753 1267 Lares
766 1216 796 1266 ln
810 1215 873 1281 ipso

79 1287 212 1341 ”milich
227 1292 364 1355 apparatu
373 1288 560 1340 conciderunt
597 1289 759 1358 Auspicanti
769 1290 874 1357 Sporus

79 1363 212 1415 mulum
232 1361 339 1413 muneri
358 1362 472 1428 obtolit,
494 1363 572 1414 cuius
591 1378 715 1430 gemmae
733 1364 875 1431 sculptura

79 1444 141 1490 erat
160 1434 338 1503 Proserpinae
361 1445 462 1504 raptus.
500 1435 638 1489 Votorum
661 1439 874 1504 nuncupatione,

79 1526 181 1578 magna
190 1511 247 1561 lam
258 1510 385 1561 ordinum
393 1509 560 1578 frequentia,
571 1510 618 1560 rix
628 1516 753 1577 repertas
764 1510 876 1575 Capito·

78 1586 224 1637 lliclaves.
263 1584 353 1645 Quum
363 1599 397 1636 ex
407 1584 535 1636 oratioue
544 1582 876 1650 elus,quainVlndicem

79 1658 242 1726 perorabat,
256 1659 458 1711 recitareturin
468 1663 578 1721 senatu,
598 1658 707 1708 daturos
713 1671 813 1724 poenas
823 1671 876 1707 sce·

79 1736 188 1794 Inatos,
210 1748 243 1784 oc
254 1731 326 1784 lreos'
334 1732 444 1801 diguam
455 1731 554 1784 exitam
561 1731 700 1803 facturos,
721 1729 876 1782 conclama·

79 1815 138 1859 tum
149 1807 237 1860 estah
247 1807 395 1858 universis:
419 1804 563 1878 lltfocs'es,
574 1805 703 1874 Auguste.
743 1804 877 1856 Observa-

80 1889 137 1932 tum
148 1881 232 1934 etiam
243 1879 347 1945 furerat,
357 1881 536 1933 novissimam
545 1879 669 1932 fabulam
680 1886 805 1931 conasse
816 1894 877 1931 eum

81 1956 191 2022 publice
198 1951 357 2021 Oedipodem
363 1957 483 2019 exsulem,
489 1953 772 2023 atqueiuhocdesisse
781 1969 876 2013 versu:

176 2026 272 2077 easta
281 2024 306 2086 μ’
317 2023 399 2091 ἄνῳγε
409 2025 548 2090 σύγγαμος,
557 2027 654 2096 μήτηρ,
664 2025 762 2098 πατήρ.

136 2101 251 2155 XLVII.
272 2102 410 2155 Nuuciata
424 2103 535 2154 interim
545 2105 628 2155 etlam
639 2111 791 2156 ceterorum
802 2119 877 2157 exer-

83 2180 186 2230 cituum
207 2175 372 2242 defectione,
396 2178 492 2228 literas
511 2179 657 2243 prandenti
680 2179 736 2230 sibi
754 2178 877 2229 redditas

82 2252 247 2318 concerpsit,
258 2266 378 2302 mensam
390 2251 531 2315 subvertit,
543 2251 613 2305 duos
624 2249 744 2320 scyphos
753 2249 878 2318 gratissi-

81 2327 119 2377 mi
127 2341 210 2388 usus,
232 2340 302 2391 quos
312 2325 489 2376 Homeriosa
503 2327 644 2379 caelatura
658 2325 809 2376 carminum
819 2322 879 2373 llo·

80 2401 151 2451 meri
160 2399 293 2463 vocabat,
314 2398 376 2450 solo
386 2399 480 2463 illisit,
502 2415 535 2452 ac
549 2406 658 2470 sumpto
675 2397 879 2448 abocustave·

81 2489 164 2538 neuo,
175 2473 242 2525 etin
252 2488 363 2524 auream
372 2472 502 2540 pyxidem
514 2475 640 2536 condito,
655 2470 805 2532 handitln
814 2466 878 2520 hor-

80 2555 127 2601 tos
143 2547 326 2601 Servilianos:
345 2546 408 2611 uhi,
428 2549 588 2615 praemissis
602 2547 764 2598 libertorum
778 2542 879 2593 ddissi·

81 2623 135 2674 mis
147 2621 263 2685 Ostiam,
276 2621 311 2672 ad
323 2621 437 2672 classem
447 2618 808 2691 praeparandam,t1ihnnos
818 2631 878 2668 cen·

81 2697 261 2763 turlouesque
281 2695 415 2764 praetorii
434 2694 467 2748 de
489 2695 574 2765 fugae
598 2693 731 2746 societate
753 2692 879 2744 tentavit.

116 2790 262 2835 suares.
654 2785 683 2833 R
