1874 3060
81 194 134 248 1⁷2
361 196 389 243 C.
413 194 604 244 sumaim

82 321 191 371 diarum
202 332 303 384 aereus,
314 318 435 371 deduius
444 319 580 370 maturius
590 317 687 382 dabat,
697 320 730 368 ut
738 331 777 385 etp

82 395 118 447 ab
132 395 227 445 intimo
243 408 353 462 quoquo
373 399 581 461 occuparentur.
620 390 777 443 Gladiatori

79 480 158 534 nere,
182 467 303 520 reductis
327 467 463 519 interdum
482 466 698 534 flagrantissim
718 463 777 517 sols

80 543 170 595 emitti
179 556 343 611 quemquam
356 543 481 593 vetabat:
500 546 663 608 remotoque
673 539 777 591 ordino

55 674 57 680 ¹
80 622 194 684 paratu,
204 617 311 668 rabidis
324 615 391 668 ieris
405 614 555 667 vilissimos
566 615 643 666 senio
655 613 777 666 coniecto

80 691 202 741 dictores
213 705 322 758 quoque
331 702 487 756 pegmares,
501 693 594 757 patres
603 687 773 739 familiarum

80 765 128 816 sed
137 764 259 830 insigues
273 764 416 815 debilitate
431 764 526 832 aitqua
541 763 679 830 corporis,
699 761 777 813 subii·

78 838 335 905 Aononnunquam,
356 837 463 891 horreis
474 836 639 906 praeclusis,
657 835 777 904 populoi

77 911 187 964 indixit.

133 983 247 1036 xxvii.
258 984 408 1037 Saevitiam
414 985 519 1052 ingenii
527 982 649 1051 perhaec
658 983 777 1036 maxime

79 1059 128 1110 dit.
167 1058 258 1120 Quum
269 1060 304 1110 ad
314 1061 439 1126 saginam
449 1059 570 1110 ferarum
579 1059 686 1110 muneri
695 1073 777 1126 praep

77 1146 138 1184 rum
150 1134 242 1184 carius
251 1134 369 1200 pecudes
380 1139 613 1200 compararentur,
619 1147 653 1184 ex
662 1132 755 1184 noxiis
766 1131 777 1183 i

78 1207 129 1258 dos
140 1208 296 1259 annotavit:
315 1214 344 1259 et
356 1208 544 1259 custodiarum
554 1208 653 1259 seriem
662 1220 777 1274 recogn(

76 1280 180 1331 nuliius
188 1283 313 1348 inspecto
324 1282 426 1349 elogio,
438 1288 514 1333 staus
523 1281 714 1333 tanmmmcdo
725 1281 777 1333 intr

75 1355 162 1405 ticum
182 1356 314 1420 mediam,
334 1370 353 1407 a
367 1356 446 1408 celvo
463 1357 499 1407 ad
513 1357 620 1408 calvum
635 1356 701 1407 duci
717 1356 777 1423 imp

76 1426 179 1480 Votum
191 1431 283 1498 eregit
291 1431 327 1483 ab
338 1446 384 1496 eo,
396 1432 444 1498 qui
453 1446 505 1499 pro
516 1431 605 1482 salute
615 1446 667 1481 sua
676 1430 777 1497 gladiai

78 1514 191 1570 oporam
201 1505 379 1571 promiserat,
399 1506 586 1572 spectauitque
595 1504 669 1556 ferro
681 1505 777 1556 dimico

77 1591 129 1628 uec
137 1577 244 1629 dimisit
252 1580 308 1630 uisi
317 1580 459 1644 victorem,
471 1584 499 1630 ct
507 1579 682 1646 postmultus
692 1595 777 1646 prece

75 1657 164 1703 terum
169 1689 177 1716 ‚
199 1653 247 1721 qui
257 1666 287 1704 se
296 1655 448 1722 periturum
462 1668 496 1706 ca
511 1654 546 1705 de
561 1669 647 1704 causa
659 1659 776 1705 voverat

77 1732 195 1777 ctauteur
210 1728 303 1794 pueris
316 1727 445 1789 tradidii3
468 1728 645 1779 verberatum
659 1727 777 1779 infulatu

75 1805 170 1851 votum
180 1807 367 1866 reposcentes,
381 1802 517 1870 pervices
528 1808 651 1868 agerent,
663 1802 756 1869 quoad
766 1818 777 1870 p

75 1871 374 1942 pitareturexeggere.
411 1873 766 1940 Multoshouestiordinis‚

75 1953 166 1998 matos
176 1943 253 2014 prius
264 1950 422 2015 stigmatum
432 1951 520 2013 uotis,
535 1949 571 2001 ad
581 1950 696 2001 metalla
704 1956 732 2001 et
741 1966 777 2001 mr

74 2021 239 2072 sessisnmr
250 2028 299 2073 aut
313 2023 349 2074 ad
363 2024 468 2074 bestias
482 2024 688 2089 condemnavit,
708 2030 757 2076 aut
771 2024 777 2074 1

75 2109 136 2145 rum
151 2093 227 2146 more
242 2097 434 2164 quadrupedes
448 2113 533 2150 cavea
546 2100 683 2163 cuircuit,
702 2104 777 2150 autu

76 2182 153 2220 serra
166 2169 306 2222 disseruit.
345 2172 404 2224 Nec
417 2187 512 2224 orienes
526 2174 658 2240 gravibus
670 2188 704 2224 ex
715 2188 777 2224 oeus

74 2256 135 2294 rum
144 2240 256 2296 meledo
265 2261 376 2298 turmore
386 2262 437 2299 suo
449 2247 637 2314 opinetoavei
647 2247 722 2314 quod
732 2263 777 2298 uui

75 2332 125 2384 per
140 2317 256 2371 Genium
271 2334 349 2372 ouum
366 2322 544 2373 deierasseut.
581 2321 713 2373 Parentes
733 2336 777 2389 sup

75 2391 196 2444 iliorum
206 2394 338 2446 iuteresse
349 2397 475 2462 cogebat.
495 2396 619 2456 Quorum
628 2393 777 2448 uniralctu

74 2469 217 2518 excusanti
227 2468 353 2520 lecticam
363 2468 451 2521 misit:
472 2469 557 2521 alium
568 2471 753 2538 espectacuio
765 2487 777 2538 p

73 2540 162 2607 epuiis
173 2540 267 2593 statim
278 2543 416 2607 adhibuit,
432 2549 514 2610 atque
526 2545 601 2596 omui
612 2546 777 2597 comitatem

73 2616 184 2666 ritatem
198 2622 226 2666 et
239 2617 318 2670 iocos
331 2619 504 2686 provocavit.
548 2620 708 2672 curatorem
728 2634 777 2671 mu

65 2702 104 2739 sc
113 2691 305 2760 mationem,
326 2706 377 2763 per
389 2693 536 2746 continuos
550 2694 648 2747 diesin
658 2709 777 2762 conspee
