1822 3068
100 114 132 163 52
374 116 401 161 G.
423 113 611 162 aunroml

100 239 203 289 lectum
221 252 287 288 mox
306 236 468 289 amncnlnm
484 236 515 286 in
528 234 680 302 Hispanias
696 233 829 287 adversus
843 236 886 289 cn.

101 311 228 377 Pompeii
237 311 353 374 liberos,
373 311 485 362 vixdum
499 311 593 361 tironis
608 324 625 359 a
638 309 718 378 gravi
725 308 884 374 valetudine,

101 401 152 453 per
170 384 284 437 infestas
304 384 430 437 hostibus
448 386 521 449 vias,
541 383 715 450 paucissimis
735 384 883 448 comitibu,

101 458 247 528 naufragio
258 460 341 512 etiam
350 459 438 523 iacto,
453 460 614 510 subsecutus
627 472 795 524 magnopere
804 458 883 513 dant·

101 534 170 597 ruit,
191 534 346 601 approbata
364 534 419 584 cito
439 534 523 584 etiam
535 548 642 584 morum
650 532 746 584 indole
755 532 881 600 superiti·

102 609 175 659 ueris
184 608 357 659 industriam.
397 608 514 660 Caesare
528 613 592 674 post
605 612 730 672 receptas
740 606 881 675 Hispana

103 682 302 748 expeditionem
313 682 342 732 in
353 681 447 733 Dacos
457 687 485 734 et
492 681 556 732 inde
565 679 718 731 inl'arthos
729 680 880 743 destinante,

101 755 268 823 praemissus
277 755 461 823 Apolloniam,
472 755 571 807 studiis
580 753 698 805 vacavit.
736 754 880 823 thuepri·

102 843 176 880 mum
186 830 307 880 occisum
317 845 378 882 eum
388 829 567 896 heredemque
577 845 606 879 se
617 829 758 895 comperit,
769 829 819 881 din
826 842 879 881 ona·

102 908 203 967 otattu,
225 919 261 954 an
270 905 411 971 proximas
421 905 543 972 legiones
552 902 725 970 imploraret,
740 902 772 953 id
781 902 879 971 quidm

102 977 247 1029 eonsilium
257 984 294 1030 -nt
305 994 436 1046 praeceps
450 980 679 1044 irnmatrunmque
694 977 801 1029 omisit:
821 982 881 1029 osta·

100 1067 161 1102 rum
170 1051 243 1104 Urbe
258 1053 374 1119 repetita
389 1051 566 1104 hereditatem
576 1051 658 1113 adiit,
678 1051 821 1103 dubitante
832 1062 880 1103 nt·

99 1132 154 1188 tre,
174 1126 274 1178 vitrico
289 1142 354 1178 vero
364 1126 472 1178 Marcio
483 1124 611 1191 Philippo
626 1124 768 1176 consulari
776 1124 881 1177 mulus

101 1199 285 1250 dissuadente.
322 1199 410 1268 litque
421 1200 455 1252 ab
466 1215 499 1251 eo
509 1205 632 1265 tempore
642 1198 807 1251 exercitibus
818 1212 881 1251 eon·

99 1272 205 1340 paratis
219 1274 337 1341 primum
352 1289 413 1325 oum
422 1275 461 1325 Μ.
472 1273 590 1325 Antonio
605 1273 758 1341 Marcoque
770 1272 880 1342 Lepido,

100 1345 198 1398 deinde
205 1352 314 1398 tantum
324 1348 508 1401 cumantonio
519 1363 568 1416 per
578 1347 723 1400 duodecim
728 1345 879 1409 lereannos,

98 1420 248 1474 novissime
261 1437 311 1491 per
324 1428 444 1492 quatuor
457 1429 486 1476 et
498 1421 682 1492 qnadraginta
690 1421 768 1474 solns
782 1434 881 1490 rempu-

97 1494 199 1547 blicam
208 1497 306 1548 tenuit.

153 1569 202 1622 lx.
221 1569 371 1639 Proposita
390 1574 463 1624 vitae
483 1572 542 1624 eins
560 1570 636 1622 velut
654 1586 776 1635 summa,
796 1576 881 1639 partes

98 1643 272 1711 singillatim,
286 1661 376 1714 neque
385 1662 434 1714 per
443 1653 580 1712 tempora,
595 1645 645 1697 sed
654 1661 703 1712 per
712 1646 832 1713 species,
842 1658 881 1697 ex·

97 1733 209 1785 sequar,
239 1733 295 1787 qno
320 1720 476 1770 distinctius
502 1719 684 1770 demonstrari
703 1720 882 1788 cognoscique

96 1791 214 1859 possint.
251 1791 331 1843 Bella
350 1793 443 1844 civilia
462 1794 581 1861 quinque
600 1794 698 1859 gessit,
723 1793 882 1855 Mutinense,

96 1863 285 1932 Philippense,
304 1864 479 1930 Perusinum,
501 1867 636 1930 Siculum,
657 1868 809 1919 Actiacum.
846 1866 883 1919 Er

100 1938 198 2006 quibus
217 1939 335 2006 primum
355 1955 388 1992 ao
407 1942 586 1993 novissimum
605 1941 735 1992 adversus
750 1941 790 1993 M.
805 1942 884 1993 Anto·

96 2013 187 2075 nium3
206 2014 355 2066 secundnm
366 2015 509 2067 adversum
518 2015 633 2065 Brutum
643 2021 671 2066 et
681 2016 821 2079 Cassium
834 2022 884 2067 ter·

96 2088 167 2138 tium
177 2086 520 2153 adrersnmL.elntonium,
525 2089 663 2140 triumviri
669 2087 797 2154 fratrem3
808 2104 884 2159 quar·

96 2174 155 2213 nrm
166 2160 297 2213 adversus
307 2162 371 2215 Ser.
381 2163 551 2231 Pompeium,
563 2163 611 2213 Gn.
623 2162 719 2213 lilium.
756 2214 759 2219 ,

152 2236 188 2287 X.
209 2236 335 2287 Omnium
354 2237 489 2290 bellorum
508 2238 618 2288 initium
642 2242 670 2288 et
693 2252 807 2289 eausam
825 2236 886 2289 hine

96 2310 225 2379 sumpsit,
245 2309 325 2362 nihil.
336 2313 539 2364 convenientius
560 2312 673 2374 ducens,
693 2327 777 2379 quam
794 2326 886 2365 necem

97 2384 227 2437 avunculi
243 2384 396 2451 vindicare,
416 2388 541 2455 tuerique
562 2393 633 2437 acta.
673 2385 837 2451 Confestim,
857 2390 887 2437 ut

94 2458 244 2526 Apollonia
253 2460 349 2526 rediit,
363 2461 480 2512 Brutum
490 2462 682 2528 Cassiumque,
702 2467 730 2511 et
739 2461 768 2511 vi
778 2461 887 2528 necopi-

94 2539 205 2597 nantes,
226 2540 255 2585 et
263 2535 328 2603 quia
342 2537 483 2604 provisum
495 2535 648 2604 perieulum
657 2533 887 2602 subterhigernnt,

94 2606 203 2672 legibus
216 2609 331 2677 aggredi
343 2626 461 2681 reosque
476 2609 569 2661 caedis
580 2609 706 2661 absentes
715 2608 823 2662 deferre
833 2615 887 2661 sta·
