1822 3068
99 112 151 164 116
377 114 404 159 C.
428 112 615 161 sunnone!

103 239 218 302 Tamen,
230 235 348 289 Caesare
359 236 467 300 occiso,
478 235 584 287 cunctis
592 235 737 287 turbarum
746 239 820 287 metu
827 234 879 289 sle·

102 312 230 363 litionem
239 310 309 362 lacti
319 310 540 374 derementibus,
561 308 645 362 etiarn
660 309 696 361 de
709 309 837 377 praemiis
845 316 879 377 ty·

100 385 308 437 rannicidarum
317 383 489 436 referendum
501 385 614 435 censuit.
652 382 789 435 Praetura
798 382 879 435 deinde

100 460 224 524 functus,
244 475 328 527 quum
343 459 419 510 exitu
429 459 495 510 anui
505 458 647 509 discordia
655 459 729 509 inter
737 458 879 509 niumrirtt

101 539 200 586 exorta
209 539 289 597 esset,
295 533 408 584 retentis
418 534 492 584 ultra
502 533 604 583 lustum
613 538 723 599 tempus
731 532 878 599 inslgnibu,

99 608 134 660 L.
146 608 293 660 Antonium
305 607 457 672 consulem,
472 607 610 660 triumviri
622 605 751 671 irenem,
767 607 803 657 ad
811 604 879 659 Pan·

100 684 171 734 siam
181 687 299 745 secutus,
306 680 446 733 deditione
457 697 474 732 a
485 682 583 733 ceteris
593 679 678 745 lacta,
683 681 761 731 solus
771 694 879 747 pernu-

100 758 181 808 sitin
195 756 333 824 partibus,
354 770 387 805 ac
397 756 486 822 primo
497 755 657 818 Praeneste,
678 753 744 807 lnde
757 754 880 823 Neapolis

100 830 201 892 evasit,
221 829 361 897 servisque
373 829 408 879 ad
419 830 521 896 pileum
530 828 767 894 snutravocatis,
786 826 879 881 maie

98 904 166 955 liarn
176 902 308 971 profugit.
349 903 402 955 Sed
412 904 525 970 indigne
534 902 637 967 ferens,
657 918 709 955 nec
723 904 817 955 statim
825 900 879 955 solt

99 984 275 1045 conspectum
286 976 363 1030 Sexti
373 977 499 1046 Pompeii
510 977 668 1041 admissum,
679 983 707 1029 et
716 974 880 1029 ludunum

98 1051 281 1121 prohibitum,
303 1051 339 1102 ad
352 1052 392 1103 M.
408 1052 556 1102 Antonium
574 1052 687 1103 traiecit
704 1052 735 1102 in
753 1050 879 1104 doliolu-

100 1127 168 1179 Cum
179 1142 248 1196 qno,
268 1126 346 1178 brevi
358 1126 540 1178 reconciliata
552 1126 625 1176 inter
639 1140 735 1177 omnes
745 1140 825 1194 pace,
836 1124 879 1179 lit·

97 1216 172 1252 mam
185 1200 281 1264 rediit,
300 1214 469 1267 uxoremque
480 1199 590 1251 Liviam
600 1199 769 1265 Drusillam,
789 1206 817 1253 ot
827 1206 880 1251 tm

98 1273 250 1342 gravidam,
262 1278 290 1325 et
300 1279 363 1325 ante
372 1275 428 1326 iarn
440 1274 513 1342 apud
524 1290 553 1326 sc
563 1274 650 1326 filium
660 1275 781 1339 enkan,
791 1270 880 1343 petest

96 1350 220 1416 Augusto
232 1349 376 1400 concessit.
404 1348 463 1401 Nec
472 1349 558 1400 multo
570 1354 635 1415 post
644 1348 717 1400 diem
729 1348 808 1415 obilt,
816 1353 879 1401 nae

97 1438 151 1491 que
165 1422 316 1475 liberorum
334 1424 493 1493 superstite,
515 1423 629 1475 Tiberio
644 1422 795 1492 Drusoque
807 1422 880 1475 Nero·

95 1498 187 1550 nibus.

153 1570 187 1624 V.
208 1572 351 1624 Tiberium
365 1574 477 1641 quidam
491 1572 597 1624 Fundis
611 1577 707 1623 natum
721 1572 880 1625 ernanus

96 1653 174 1711 runt,
193 1647 377 1699 secutilevem
392 1649 592 1710 coniecturam,
612 1645 879 1715 quodmaternadm

97 1722 161 1773 avia
170 1720 305 1773 Fundana
315 1719 411 1785 uerit,
432 1727 459 1773 et
473 1720 548 1788 quod
558 1734 623 1771 mox
633 1720 813 1773 simulacrum
820 1716 880 1773 ret

97 1796 191 1846 citatis
204 1809 239 1846 ex
249 1793 366 1846 Senatus
382 1796 508 1847 consulto
519 1795 689 1862 publicatum
702 1796 747 1847 lbi
755 1797 802 1847 sit.
837 1788 880 1847 Μ

95 1874 128 1920 ut
141 1869 235 1937 plures
250 1869 435 1938 certioresque
447 1869 573 1933 tradunt,
593 1875 676 1919 natus
689 1875 733 1920 est
746 1866 880 1922 Romaeln

97 1942 222 2006 Palatio,
243 1943 429 1995 sextodecimo
444 1943 586 1995 Kalendas
599 1942 775 2009 Decembris,
789 1944 830 1995 Μ.
841 1941 881 1993 Δο·

96 2016 176 2068 milio
186 2015 294 2083 Lepido
305 2019 413 2083 iterum,
424 2018 457 2070 L.
468 2018 595 2069 Mamatio
606 2017 711 2069 Planco
723 2018 880 2077 consultu,

95 2097 161 2160 post
169 2091 272 2144 bellum
282 2090 467 2160 Philippense.
498 2091 544 2143 Sic
555 2092 627 2143 enim
636 2093 666 2143 in
674 2090 767 2145 fastos
777 2099 880 2159 octtqw

95 2165 209 2234 publica
218 2166 335 2218 relatum
346 2174 396 2219 est.
434 2167 493 2219 Nec
502 2172 594 2218 tamen
605 2166 715 2230 desunt,
733 2167 784 2237 qui
792 2162 880 2235 perdat

96 2240 272 2294 antecedente
292 2257 378 2305 anno,
399 2240 487 2293 Hirtii
507 2256 541 2292 ac
558 2240 678 2305 Pansae,
699 2242 804 2307 partim
820 2242 880 2293 ime

96 2322 208 2383 querite,
229 2315 319 2369 Servii
328 2316 445 2368 Isaurici
454 2315 621 2383 Antoniique
636 2315 798 2382 consulatu,
817 2312 880 2385 geni·

94 2392 366 2443 tumenrnscribant.

150 2465 198 2517 Vl.
217 2464 365 2517 Infantiam
382 2464 583 2533 pueritiamque
603 2460 702 2515 habuit
720 2464 881 2519 laboriosa·

95 2546 123 2590 ct
133 2541 320 2606 exercitatam,
332 2556 424 2593 comes
432 2553 630 2608 usquequaque
640 2546 787 2605 parentum
796 2539 880 2607 fugace

94 2629 165 2680 quos
175 2615 285 2682 quidem
296 2614 369 2685 apud
378 2613 529 2683 Neapolin,
548 2613 599 2664 sub
608 2614 794 2682 irruptionem
803 2610 880 2667 lost·
