<?xml version="1.0" encoding="UTF-8"?>
<!DOCTYPE html PUBLIC "-//W3C//DTD XHTML 1.0 Transitional//EN"
    "http://www.w3.org/TR/xhtml1/DTD/xhtml1-transitional.dtd">
<html xmlns="http://www.w3.org/1999/xhtml" xml:lang="en" lang="en">
 <head>
  <title>
</title>
<meta http-equiv="Content-Type" content="text/html;charset=utf-8" />
  <meta name='ocr-system' content='tesseract 3.04.00' />
  <meta name='ocr-capabilities' content='ocr_page ocr_carea ocr_par ocr_line ocrx_word'/>
</head>
<body>
  <div class='ocr_page' id='page_1' title='image "./csuetoniitranqu00trangoog_0240.png"; bbox 0 0 1874 3060; ppageno 0'>
   <div class='ocr_carea' id='block_1_1' title="bbox 263 199 822 252">
    <p class='ocr_par' dir='ltr' id='par_1_1' title="bbox 263 199 822 252">
     <span class='ocr_line' id='line_1_1' title="bbox 263 199 822 252; baseline -0.002 0"><span class='ocrx_word' id='word_1_1' title='bbox 263 204 373 252; x_wconf 69' lang='lat' dir='ltr'><strong>Naso.</strong></span> <span class='ocrx_word' id='word_1_2' title='bbox 409 203 487 252; x_wconf 80' lang='lat' dir='ltr'><strong>CAP.</strong></span> <span class='ocrx_word' id='word_1_3' title='bbox 504 204 586 251; x_wconf 76' lang='lat'><strong>1-5.</strong></span> <span class='ocrx_word' id='word_1_4' title='bbox 771 199 822 251; x_wconf 76' lang='lat'><strong>227</strong></span> 
     </span>
    </p>
   </div>
   <div class='ocr_carea' id='block_1_2' title="bbox 36 322 822 2753">
    <p class='ocr_par' dir='ltr' id='par_1_2' title="bbox 36 322 822 1430">
     <span class='ocr_line' id='line_1_2' title="bbox 36 322 822 394; baseline -0.001 -15"><span class='ocrx_word' id='word_1_5' title='bbox 36 327 112 391; x_wconf 81' lang='lat' dir='ltr'><strong>necis,</strong></span> <span class='ocrx_word' id='word_1_6' title='bbox 123 341 281 394; x_wconf 86' lang='lat' dir='ltr'><strong>quanquam</strong></span> <span class='ocrx_word' id='word_1_7' title='bbox 290 327 395 391; x_wconf 86' lang='lat' dir='ltr'><strong>insons,</strong></span> <span class='ocrx_word' id='word_1_8' title='bbox 406 327 552 378; x_wconf 84' lang='lat' dir='ltr'><strong>damnatus</strong></span> <span class='ocrx_word' id='word_1_9' title='bbox 562 325 623 392; x_wconf 85' lang='lat' dir='ltr'><strong>lege</strong></span> <span class='ocrx_word' id='word_1_10' title='bbox 632 322 727 390; x_wconf 87' lang='lat' dir='ltr'><strong>Pedia,</strong></span> <span class='ocrx_word' id='word_1_11' title='bbox 738 340 822 392; x_wconf 89' lang='lat' dir='ltr'><strong>quum</strong></span> 
     </span>
     <span class='ocr_line' id='line_1_3' title="bbox 36 399 821 468; baseline -0.001 -16"><span class='ocrx_word' id='word_1_12' title='bbox 36 400 371 468; x_wconf 79' lang='lat' dir='ltr'><strong>rdGassiumBrutumque</strong></span> <span class='ocrx_word' id='word_1_13' title='bbox 381 401 582 468; x_wconf 87' lang='lat' dir='ltr'><strong>se‚propinqua</strong></span> <span class='ocrx_word' id='word_1_14' title='bbox 591 399 647 450; x_wconf 89' lang='lat' dir='ltr'><strong>sibi</strong></span> <span class='ocrx_word' id='word_1_15' title='bbox 656 400 821 466; x_wconf 71' lang='lat' dir='ltr'><strong>cognatione</strong></span> 
     </span>
     <span class='ocr_line' id='line_1_4' title="bbox 36 473 820 543; baseline -0.003 -17"><span class='ocrx_word' id='word_1_16' title='bbox 36 476 152 538; x_wconf 81' lang='lat' dir='ltr'><strong>iunctos,</strong></span> <span class='ocrx_word' id='word_1_17' title='bbox 166 474 341 538; x_wconf 70' lang='lat' dir='ltr'><strong>contraiisset,</strong></span> <span class='ocrx_word' id='word_1_18' title='bbox 354 481 419 543; x_wconf 94' lang='lat' dir='ltr'><strong>post</strong></span> <span class='ocrx_word' id='word_1_19' title='bbox 436 476 580 540; x_wconf 79' lang='lat' dir='ltr'><strong>utriusque</strong></span> <span class='ocrx_word' id='word_1_20' title='bbox 597 473 738 525; x_wconf 82' lang='lat' dir='ltr'><strong>interitum</strong></span> <span class='ocrx_word' id='word_1_21' title='bbox 751 473 820 524; x_wconf 83' lang='lat' dir='ltr'><strong>clas-</strong></span> 
     </span>
     <span class='ocr_line' id='line_1_5' title="bbox 36 547 821 613; baseline -0.003 -13"><span class='ocrx_word' id='word_1_22' title='bbox 36 564 86 600; x_wconf 88' lang='lat' dir='ltr'><strong>sem</strong></span> <span class='ocrx_word' id='word_1_23' title='bbox 97 549 165 600; x_wconf 91' lang='lat' dir='ltr'><strong>oiim</strong></span> <span class='ocrx_word' id='word_1_24' title='bbox 176 549 349 600; x_wconf 83' lang='lat' dir='ltr'><strong>commissam</strong></span> <span class='ocrx_word' id='word_1_25' title='bbox 362 550 487 613; x_wconf 82' lang='lat' dir='ltr'>retinuit,</span> <span class='ocrx_word' id='word_1_26' title='bbox 503 549 581 598; x_wconf 81' lang='lat' dir='ltr'><strong>auxit</strong></span> <span class='ocrx_word' id='word_1_27' title='bbox 590 548 687 610; x_wconf 82' lang='lat' dir='ltr'><strong>etiam3</strong></span> <span class='ocrx_word' id='word_1_28' title='bbox 706 547 821 598; x_wconf 88' lang='lat' dir='ltr'><strong>neonisi</strong></span> 
     </span>
     <span class='ocr_line' id='line_1_6' title="bbox 36 621 821 691; baseline -0.003 -17"><span class='ocrx_word' id='word_1_29' title='bbox 36 624 156 691; x_wconf 80' lang='lat' dir='ltr'><strong>partibus</strong></span> <span class='ocrx_word' id='word_1_30' title='bbox 165 623 267 689; x_wconf 88' lang='lat' dir='ltr'><strong>ubique</strong></span> <span class='ocrx_word' id='word_1_31' title='bbox 277 622 431 689; x_wconf 88' lang='lat' dir='ltr'><strong>profligatis</strong></span> <span class='ocrx_word' id='word_1_32' title='bbox 441 623 480 674; x_wconf 88' lang='lat' dir='ltr'><strong>M.</strong></span> <span class='ocrx_word' id='word_1_33' title='bbox 490 622 610 673; x_wconf 82' lang='lat' dir='ltr'><strong>Antonio</strong></span> <span class='ocrx_word' id='word_1_34' title='bbox 621 626 732 690; x_wconf 87' lang='lat' dir='ltr'><strong>sponte,</strong></span> <span class='ocrx_word' id='word_1_35' title='bbox 743 626 771 672; x_wconf 91' lang='lat' dir='ltr'><strong>et</strong></span> <span class='ocrx_word' id='word_1_36' title='bbox 778 621 821 671; x_wconf 88' lang='lat' dir='ltr'><strong>in·</strong></span> 
     </span>
     <span class='ocr_line' id='line_1_7' title="bbox 36 694 820 765; baseline -0.004 -17"><span class='ocrx_word' id='word_1_37' title='bbox 36 698 119 764; x_wconf 77' lang='lat' dir='ltr'><strong>gentis</strong></span> <span class='ocrx_word' id='word_1_38' title='bbox 129 697 222 748; x_wconf 87' lang='lat' dir='ltr'><strong>meriti</strong></span> <span class='ocrx_word' id='word_1_39' title='bbox 231 697 303 760; x_wconf 92' lang='lat' dir='ltr'><strong>ioco,</strong></span> <span class='ocrx_word' id='word_1_40' title='bbox 314 697 443 759; x_wconf 82' lang='lat' dir='ltr'><strong>tradidit3</strong></span> <span class='ocrx_word' id='word_1_41' title='bbox 458 697 588 765; x_wconf 84' lang='lat' dir='ltr'><strong>solusque</strong></span> <span class='ocrx_word' id='word_1_42' title='bbox 599 696 720 747; x_wconf 90' lang='lat' dir='ltr'><strong>omnium</strong></span> <span class='ocrx_word' id='word_1_43' title='bbox 730 708 765 746; x_wconf 81' lang='lat' dir='ltr'><strong>ex</strong></span> <span class='ocrx_word' id='word_1_44' title='bbox 774 694 820 758; x_wconf 88' lang='lat' dir='ltr'><strong>iis,</strong></span> 
     </span>
     <span class='ocr_line' id='line_1_8' title="bbox 36 769 820 840; baseline -0.004 -18"><span class='ocrx_word' id='word_1_45' title='bbox 36 772 78 840; x_wconf 87' lang='lat' dir='ltr'><strong>qui</strong></span> <span class='ocrx_word' id='word_1_46' title='bbox 91 771 156 839; x_wconf 84' lang='lat' dir='ltr'><strong>pari</strong></span> <span class='ocrx_word' id='word_1_47' title='bbox 168 771 229 838; x_wconf 85' lang='lat' dir='ltr'><strong>iege</strong></span> <span class='ocrx_word' id='word_1_48' title='bbox 242 771 366 821; x_wconf 89' lang='lat' dir='ltr'><strong>damnati</strong></span> <span class='ocrx_word' id='word_1_49' title='bbox 379 776 468 835; x_wconf 86' lang='lat' dir='ltr'><strong>erant,</strong></span> <span class='ocrx_word' id='word_1_50' title='bbox 488 772 631 822; x_wconf 89' lang='lat' dir='ltr'><strong>restitutus</strong></span> <span class='ocrx_word' id='word_1_51' title='bbox 644 769 673 820; x_wconf 93' lang='lat' dir='ltr'><strong>iu</strong></span> <span class='ocrx_word' id='word_1_52' title='bbox 688 770 820 838; x_wconf 76' lang='lat' dir='ltr'><strong>patriam,</strong></span> 
     </span>
     <span class='ocr_line' id='line_1_9' title="bbox 36 842 821 913; baseline 0 -17"><span class='ocrx_word' id='word_1_53' title='bbox 36 845 217 912; x_wconf 72' lang='lat' dir='ltr'><strong>impiissimos</strong></span> <span class='ocrx_word' id='word_1_54' title='bbox 232 842 542 913; x_wconf 84' lang='lat' dir='ltr'><strong>honorespereucurrit;</strong></span> <span class='ocrx_word' id='word_1_55' title='bbox 562 860 595 896; x_wconf 90' lang='lat' dir='ltr'><strong>ac</strong></span> <span class='ocrx_word' id='word_1_56' title='bbox 605 844 720 896; x_wconf 87' lang='lat' dir='ltr'><strong>subinde</strong></span> <span class='ocrx_word' id='word_1_57' title='bbox 729 843 821 896; x_wconf 86' lang='lat' dir='ltr'><strong>rediu-</strong></span> 
     </span>
     <span class='ocr_line' id='line_1_10' title="bbox 36 919 820 987; baseline 0 -17"><span class='ocrx_word' id='word_1_58' title='bbox 36 924 138 987; x_wconf 81' lang='lat' dir='ltr'><strong>tsgreta</strong></span> <span class='ocrx_word' id='word_1_59' title='bbox 157 919 328 970; x_wconf 76' lang='lat' dir='ltr'><strong>dissensione</strong></span> <span class='ocrx_word' id='word_1_60' title='bbox 348 919 435 982; x_wconf 84' lang='lat' dir='ltr'><strong>civili,</strong></span> <span class='ocrx_word' id='word_1_61' title='bbox 456 920 543 971; x_wconf 88' lang='lat' dir='ltr'><strong>eidem</strong></span> <span class='ocrx_word' id='word_1_62' title='bbox 563 919 682 971; x_wconf 81' lang='lat' dir='ltr'><strong>Antonio</strong></span> <span class='ocrx_word' id='word_1_63' title='bbox 702 919 820 986; x_wconf 81' lang='lat' dir='ltr'><strong>legatus,</strong></span> 
     </span>
     <span class='ocr_line' id='line_1_11' title="bbox 36 992 820 1062; baseline -0.003 -17"><span class='ocrx_word' id='word_1_64' title='bbox 36 992 150 1045; x_wconf 81' lang='lat' dir='ltr'><strong>delatam</strong></span> <span class='ocrx_word' id='word_1_65' title='bbox 164 993 220 1044; x_wconf 88' lang='lat' dir='ltr'><strong>sibi</strong></span> <span class='ocrx_word' id='word_1_66' title='bbox 232 1008 365 1044; x_wconf 88' lang='lat' dir='ltr'><strong>summam</strong></span> <span class='ocrx_word' id='word_1_67' title='bbox 377 994 488 1060; x_wconf 89' lang='lat' dir='ltr'><strong>imperii</strong></span> <span class='ocrx_word' id='word_1_68' title='bbox 502 995 536 1045; x_wconf 88' lang='lat' dir='ltr'><strong>ab</strong></span> <span class='ocrx_word' id='word_1_69' title='bbox 550 993 599 1058; x_wconf 89' lang='lat' dir='ltr'><strong>iis,</strong></span> <span class='ocrx_word' id='word_1_70' title='bbox 620 1008 690 1060; x_wconf 92' lang='lat' dir='ltr'><strong>quos</strong></span> <span class='ocrx_word' id='word_1_71' title='bbox 704 993 820 1062; x_wconf 81' lang='lat' dir='ltr'><strong>Cieopa-</strong></span> 
     </span>
     <span class='ocr_line' id='line_1_12' title="bbox 36 1067 819 1135; baseline -0.003 -16"><span class='ocrx_word' id='word_1_72' title='bbox 36 1074 89 1119; x_wconf 65' lang='grc' dir='ltr'>Μ</span> <span class='ocrx_word' id='word_1_73' title='bbox 98 1067 233 1134; x_wconf 85' lang='lat' dir='ltr'><strong>pudebat,</strong></span> <span class='ocrx_word' id='word_1_74' title='bbox 246 1082 334 1133; x_wconf 86' lang='lat' dir='ltr'><strong>neque</strong></span> <span class='ocrx_word' id='word_1_75' title='bbox 348 1068 487 1135; x_wconf 75' lang='lat' dir='ltr'><strong>suscipere</strong></span> <span class='ocrx_word' id='word_1_76' title='bbox 500 1081 587 1134; x_wconf 88' lang='lat' dir='ltr'><strong>neque</strong></span> <span class='ocrx_word' id='word_1_77' title='bbox 598 1081 726 1118; x_wconf 84' lang='lat' dir='ltr'><strong>recusare</strong></span> <span class='ocrx_word' id='word_1_78' title='bbox 735 1067 819 1118; x_wconf 87' lang='lat' dir='ltr'><strong>tideu-</strong></span> 
     </span>
     <span class='ocr_line' id='line_1_13' title="bbox 36 1139 820 1209; baseline -0.004 -16"><span class='ocrx_word' id='word_1_79' title='bbox 36 1156 70 1193; x_wconf 65' lang='grc' dir='ltr'><strong>»ι’</strong></span> <span class='ocrx_word' id='word_1_80' title='bbox 82 1149 197 1209; x_wconf 87' lang='lat' dir='ltr'><strong>propter</strong></span> <span class='ocrx_word' id='word_1_81' title='bbox 210 1141 330 1193; x_wconf 85' lang='lat' dir='ltr'><strong>subitam</strong></span> <span class='ocrx_word' id='word_1_82' title='bbox 343 1141 527 1194; x_wconf 79' lang='lat' dir='ltr'><strong>vaiemdinem</strong></span> <span class='ocrx_word' id='word_1_83' title='bbox 543 1156 637 1205; x_wconf 76' lang='lat' dir='ltr'><strong>aursus,</strong></span> <span class='ocrx_word' id='word_1_84' title='bbox 657 1141 769 1192; x_wconf 70' lang='lat' dir='ltr'><strong>nansiit</strong></span> <span class='ocrx_word' id='word_1_85' title='bbox 783 1139 820 1190; x_wconf 87' lang='lat' dir='ltr'><strong>ad</strong></span> 
     </span>
     <span class='ocr_line' id='line_1_14' title="bbox 36 1214 820 1283; baseline 0 -19"><span class='ocrx_word' id='word_1_86' title='bbox 36 1215 192 1283; x_wconf 85' lang='lat' dir='ltr'><strong>iugustum,</strong></span> <span class='ocrx_word' id='word_1_87' title='bbox 203 1221 231 1267; x_wconf 88' lang='lat' dir='ltr'><strong>et</strong></span> <span class='ocrx_word' id='word_1_88' title='bbox 239 1215 269 1266; x_wconf 88' lang='lat' dir='ltr'><strong>in</strong></span> <span class='ocrx_word' id='word_1_89' title='bbox 279 1215 375 1266; x_wconf 89' lang='lat' dir='ltr'><strong>diebus</strong></span> <span class='ocrx_word' id='word_1_90' title='bbox 384 1217 480 1283; x_wconf 80' lang='lat' dir='ltr'><strong>paucis</strong></span> <span class='ocrx_word' id='word_1_91' title='bbox 491 1216 569 1280; x_wconf 86' lang='lat' dir='ltr'><strong>obiit,</strong></span> <span class='ocrx_word' id='word_1_92' title='bbox 581 1214 713 1266; x_wconf 88' lang='lat' dir='ltr'><strong>nonnulla</strong></span> <span class='ocrx_word' id='word_1_93' title='bbox 722 1214 820 1282; x_wconf 88' lang='lat' dir='ltr'><strong>etipse</strong></span> 
     </span>
     <span class='ocr_line' id='line_1_15' title="bbox 36 1287 819 1356; baseline 0 -16"><span class='ocrx_word' id='word_1_94' title='bbox 36 1288 144 1341; x_wconf 75' lang='lat' dir='ltr'><strong>mentia</strong></span> <span class='ocrx_word' id='word_1_95' title='bbox 167 1304 303 1356; x_wconf 76' lang='lat' dir='ltr'><strong>aspersum.</strong></span> <span class='ocrx_word' id='word_1_96' title='bbox 351 1289 422 1340; x_wconf 91' lang='lat' dir='ltr'><strong>Nam</strong></span> <span class='ocrx_word' id='word_1_97' title='bbox 440 1290 574 1340; x_wconf 84' lang='lat' dir='ltr'><strong>Antonius</strong></span> <span class='ocrx_word' id='word_1_98' title='bbox 597 1304 658 1341; x_wconf 87' lang='lat' dir='ltr'><strong>eum</strong></span> <span class='ocrx_word' id='word_1_99' title='bbox 681 1287 819 1341; x_wconf 87' lang='lat' dir='ltr'><strong>desiderio</strong></span> 
     </span>
     <span class='ocr_line' id='line_1_16' title="bbox 36 1361 711 1430; baseline -0.001 -15"><span class='ocrx_word' id='word_1_100' title='bbox 36 1364 136 1415; x_wconf 76' lang='lat' dir='ltr'><strong>micae</strong></span> <span class='ocrx_word' id='word_1_101' title='bbox 146 1361 280 1415; x_wconf 81' lang='lat' dir='ltr'><strong>Serviliae</strong></span> <span class='ocrx_word' id='word_1_102' title='bbox 289 1362 388 1414; x_wconf 85' lang='lat' dir='ltr'><strong>Naidis</strong></span> <span class='ocrx_word' id='word_1_103' title='bbox 397 1363 578 1430; x_wconf 76' lang='lat' dir='ltr'><strong>transfugisse</strong></span> <span class='ocrx_word' id='word_1_104' title='bbox 588 1364 711 1414; x_wconf 85' lang='lat' dir='ltr'><strong>iactavit.</strong></span> 
     </span>
    </p>

    <p class='ocr_par' dir='ltr' id='par_1_3' title="bbox 36 1435 820 2753">
     <span class='ocr_line' id='line_1_17' title="bbox 83 1435 820 1503; baseline -0.003 -15"><span class='ocrx_word' id='word_1_105' title='bbox 83 1436 132 1488; x_wconf 82' lang='lat' dir='ltr'><strong>lv.</strong></span> <span class='ocrx_word' id='word_1_106' title='bbox 151 1435 262 1489; x_wconf 78' lang='lat' dir='ltr'><strong>[ixion</strong></span> <span class='ocrx_word' id='word_1_107' title='bbox 276 1437 416 1488; x_wconf 86' lang='lat' dir='ltr'><strong>Domitius</strong></span> <span class='ocrx_word' id='word_1_108' title='bbox 429 1437 564 1500; x_wconf 88' lang='lat' dir='ltr'><strong>nascitur,</strong></span> <span class='ocrx_word' id='word_1_109' title='bbox 579 1452 659 1503; x_wconf 89' lang='lat' dir='ltr'><strong>quem</strong></span> <span class='ocrx_word' id='word_1_110' title='bbox 669 1442 820 1503; x_wconf 84' lang='lat' dir='ltr'><strong>emptorem</strong></span> 
     </span>
     <span class='ocr_line' id='line_1_18' title="bbox 36 1509 818 1579; baseline -0.005 -16"><span class='ocrx_word' id='word_1_111' title='bbox 36 1509 153 1563; x_wconf 69' lang='lat' dir='ltr'><strong>familiae</strong></span> <span class='ocrx_word' id='word_1_112' title='bbox 170 1512 356 1579; x_wconf 79' lang='lat' dir='ltr'><strong>pecuniaeque</strong></span> <span class='ocrx_word' id='word_1_113' title='bbox 369 1510 399 1561; x_wconf 91' lang='lat' dir='ltr'><strong>in</strong></span> <span class='ocrx_word' id='word_1_114' title='bbox 412 1516 575 1561; x_wconf 84' lang='lat' dir='ltr'><strong>testamento</strong></span> <span class='ocrx_word' id='word_1_115' title='bbox 589 1510 706 1576; x_wconf 76' lang='lat' dir='ltr'><strong>Augusti</strong></span> <span class='ocrx_word' id='word_1_116' title='bbox 719 1509 818 1572; x_wconf 84' lang='lat' dir='ltr'><strong>fuisse,</strong></span> 
     </span>
     <span class='ocr_line' id='line_1_19' title="bbox 36 1583 819 1653; baseline -0.004 -17"><span class='ocrx_word' id='word_1_117' title='bbox 36 1600 93 1638; x_wconf 84' lang='lat' dir='ltr'><strong>nox</strong></span> <span class='ocrx_word' id='word_1_118' title='bbox 105 1586 190 1653; x_wconf 82' lang='lat' dir='ltr'><strong>vulgo</strong></span> <span class='ocrx_word' id='word_1_119' title='bbox 207 1591 332 1637; x_wconf 88' lang='lat' dir='ltr'><strong>notatum</strong></span> <span class='ocrx_word' id='word_1_120' title='bbox 347 1590 404 1646; x_wconf 81' lang='lat' dir='ltr'><strong>est3</strong></span> <span class='ocrx_word' id='word_1_121' title='bbox 427 1599 482 1634; x_wconf 90' lang='lat' dir='ltr'><strong>non</strong></span> <span class='ocrx_word' id='word_1_122' title='bbox 496 1584 585 1634; x_wconf 83' lang='lat' dir='ltr'><strong>minus</strong></span> <span class='ocrx_word' id='word_1_123' title='bbox 600 1583 746 1649; x_wconf 85' lang='lat' dir='ltr'><strong>aurigandi</strong></span> <span class='ocrx_word' id='word_1_124' title='bbox 760 1589 819 1633; x_wconf 79' lang='lat' dir='ltr'><strong>arto</strong></span> 
     </span>
     <span class='ocr_line' id='line_1_20' title="bbox 36 1656 819 1724; baseline -0.005 -14"><span class='ocrx_word' id='word_1_125' title='bbox 36 1674 57 1710; x_wconf 87' lang='lat' dir='ltr'><strong>n</strong></span> <span class='ocrx_word' id='word_1_126' title='bbox 81 1659 270 1712; x_wconf 81' lang='lat' dir='ltr'><strong>adolescentia</strong></span> <span class='ocrx_word' id='word_1_127' title='bbox 292 1660 401 1722; x_wconf 75' lang='lat' dir='ltr'><strong>ciamus,</strong></span> <span class='ocrx_word' id='word_1_128' title='bbox 425 1673 508 1724; x_wconf 86' lang='lat' dir='ltr'><strong>quam</strong></span> <span class='ocrx_word' id='word_1_129' title='bbox 531 1656 629 1708; x_wconf 86' lang='lat' dir='ltr'><strong>deinde</strong></span> <span class='ocrx_word' id='word_1_130' title='bbox 652 1656 819 1707; x_wconf 80' lang='lat' dir='ltr'><strong>ornamentis</strong></span> 
     </span>
     <span class='ocr_line' id='line_1_21' title="bbox 36 1729 818 1801; baseline -0.006 -16"><span class='ocrx_word' id='word_1_131' title='bbox 36 1731 242 1801; x_wconf 82' lang='lat' dir='ltr'><strong>riumphniibus</strong></span> <span class='ocrx_word' id='word_1_132' title='bbox 261 1748 294 1786; x_wconf 85' lang='lat' dir='ltr'><strong>ex</strong></span> <span class='ocrx_word' id='word_1_133' title='bbox 314 1732 478 1784; x_wconf 86' lang='lat' dir='ltr'><strong>Germanico</strong></span> <span class='ocrx_word' id='word_1_134' title='bbox 498 1731 582 1783; x_wconf 84' lang='lat' dir='ltr'><strong>bello.</strong></span> <span class='ocrx_word' id='word_1_135' title='bbox 619 1729 722 1782; x_wconf 88' lang='lat' dir='ltr'><strong>Verum</strong></span> <span class='ocrx_word' id='word_1_136' title='bbox 742 1744 818 1781; x_wconf 88' lang='lat' dir='ltr'><strong>arro·</strong></span> 
     </span>
     <span class='ocr_line' id='line_1_22' title="bbox 36 1802 818 1875; baseline -0.005 -16"><span class='ocrx_word' id='word_1_137' title='bbox 36 1821 110 1875; x_wconf 72' lang='lat' dir='ltr'><strong>gnus,</strong></span> <span class='ocrx_word' id='word_1_138' title='bbox 124 1807 267 1875; x_wconf 84' lang='lat' dir='ltr'><strong>profusus,</strong></span> <span class='ocrx_word' id='word_1_139' title='bbox 280 1808 407 1871; x_wconf 88' lang='lat' dir='ltr'><strong>immitis,</strong></span> <span class='ocrx_word' id='word_1_140' title='bbox 423 1822 562 1859; x_wconf 83' lang='lat' dir='ltr'><strong>censorem</strong></span> <span class='ocrx_word' id='word_1_141' title='bbox 575 1804 610 1856; x_wconf 87' lang='lat' dir='ltr'><strong>L.</strong></span> <span class='ocrx_word' id='word_1_142' title='bbox 625 1803 758 1857; x_wconf 88' lang='lat' dir='ltr'><strong>Plancum</strong></span> <span class='ocrx_word' id='word_1_143' title='bbox 770 1802 818 1855; x_wconf 84' lang='lat' dir='ltr'><strong>via</strong></span> 
     </span>
     <span class='ocr_line' id='line_1_23' title="bbox 36 1877 817 1950; baseline -0.004 -18"><span class='ocrx_word' id='word_1_144' title='bbox 36 1881 83 1933; x_wconf 79' lang='lat' dir='ltr'><strong>nbi</strong></span> <span class='ocrx_word' id='word_1_145' title='bbox 97 1882 228 1934; x_wconf 86' lang='lat' dir='ltr'><strong>decedere</strong></span> <span class='ocrx_word' id='word_1_146' title='bbox 243 1882 341 1934; x_wconf 89' lang='lat' dir='ltr'><strong>aedilis</strong></span> <span class='ocrx_word' id='word_1_147' title='bbox 355 1881 462 1949; x_wconf 73' lang='lat' dir='ltr'><strong>eodgits</strong></span> <span class='ocrx_word' id='word_1_148' title='bbox 484 1887 630 1950; x_wconf 90' lang='lat' dir='ltr'><strong>praeturae</strong></span> <span class='ocrx_word' id='word_1_149' title='bbox 645 1877 817 1931; x_wconf 82' lang='lat' dir='ltr'><strong>consulatus-</strong></span> 
     </span>
     <span class='ocr_line' id='line_1_24' title="bbox 36 1953 816 2024; baseline -0.004 -17"><span class='ocrx_word' id='word_1_150' title='bbox 36 1969 81 2024; x_wconf 72' lang='lat' dir='ltr'><strong>que</strong></span> <span class='ocrx_word' id='word_1_151' title='bbox 95 1953 201 2008; x_wconf 84' lang='lat' dir='ltr'><strong>honore</strong></span> <span class='ocrx_word' id='word_1_152' title='bbox 215 1957 321 2024; x_wconf 86' lang='lat' dir='ltr'><strong>equites</strong></span> <span class='ocrx_word' id='word_1_153' title='bbox 335 1955 475 2008; x_wconf 82' lang='lat' dir='ltr'><strong>Romanos</strong></span> <span class='ocrx_word' id='word_1_154' title='bbox 484 1961 679 2024; x_wconf 86' lang='lat' dir='ltr'><strong>matronasque</strong></span> <span class='ocrx_word' id='word_1_155' title='bbox 689 1954 725 2006; x_wconf 88' lang='lat' dir='ltr'><strong>ad</strong></span> <span class='ocrx_word' id='word_1_156' title='bbox 735 1967 816 2022; x_wconf 87' lang='lat' dir='ltr'><strong>agen·</strong></span> 
     </span>
     <span class='ocr_line' id='line_1_25' title="bbox 36 2028 816 2096; baseline -0.001 -16"><span class='ocrx_word' id='word_1_157' title='bbox 36 2029 92 2080; x_wconf 80' lang='lat' dir='ltr'><strong>itum</strong></span> <span class='ocrx_word' id='word_1_158' title='bbox 104 2031 218 2082; x_wconf 81' lang='lat' dir='ltr'><strong>mimum</strong></span> <span class='ocrx_word' id='word_1_159' title='bbox 231 2029 363 2096; x_wconf 78' lang='lat' dir='ltr'><strong>produxit</strong></span> <span class='ocrx_word' id='word_1_160' title='bbox 375 2030 404 2082; x_wconf 90' lang='lat' dir='ltr'><strong>in</strong></span> <span class='ocrx_word' id='word_1_161' title='bbox 418 2043 536 2081; x_wconf 80' lang='lat' dir='ltr'><strong>scenam.</strong></span> <span class='ocrx_word' id='word_1_162' title='bbox 573 2029 741 2082; x_wconf 85' lang='lat' dir='ltr'><strong>Venatioues</strong></span> <span class='ocrx_word' id='word_1_163' title='bbox 751 2034 778 2081; x_wconf 91' lang='lat' dir='ltr'><strong>et</strong></span> <span class='ocrx_word' id='word_1_164' title='bbox 787 2028 816 2079; x_wconf 92' lang='lat' dir='ltr'><strong>in</strong></span> 
     </span>
     <span class='ocr_line' id='line_1_26' title="bbox 36 2103 817 2172; baseline -0.001 -18"><span class='ocrx_word' id='word_1_165' title='bbox 36 2103 109 2156; x_wconf 70' lang='lat' dir='ltr'><strong>iirco</strong></span> <span class='ocrx_word' id='word_1_166' title='bbox 123 2105 193 2156; x_wconf 86' lang='lat' dir='ltr'><strong>etin</strong></span> <span class='ocrx_word' id='word_1_167' title='bbox 210 2104 337 2155; x_wconf 88' lang='lat' dir='ltr'><strong>omnibus</strong></span> <span class='ocrx_word' id='word_1_168' title='bbox 347 2104 429 2154; x_wconf 88' lang='lat' dir='ltr'><strong>Urbis</strong></span> <span class='ocrx_word' id='word_1_169' title='bbox 442 2105 602 2172; x_wconf 90' lang='lat' dir='ltr'><strong>regionibus</strong></span> <span class='ocrx_word' id='word_1_170' title='bbox 612 2105 699 2167; x_wconf 83' lang='lat' dir='ltr'><strong>dedit3</strong></span> <span class='ocrx_word' id='word_1_171' title='bbox 719 2117 817 2155; x_wconf 88' lang='lat' dir='ltr'><strong>munus</strong></span> 
     </span>
     <span class='ocr_line' id='line_1_27' title="bbox 36 2177 817 2245; baseline -0.004 -16"><span class='ocrx_word' id='word_1_172' title='bbox 36 2178 111 2229; x_wconf 75' lang='lat' dir='ltr'><strong>tflam</strong></span> <span class='ocrx_word' id='word_1_173' title='bbox 125 2178 337 2245; x_wconf 82' lang='lat' dir='ltr'><strong>gladiatorium,</strong></span> <span class='ocrx_word' id='word_1_174' title='bbox 355 2177 404 2228; x_wconf 87' lang='lat' dir='ltr'><strong>sed</strong></span> <span class='ocrx_word' id='word_1_175' title='bbox 417 2183 497 2229; x_wconf 84' lang='lat' dir='ltr'><strong>tanta</strong></span> <span class='ocrx_word' id='word_1_176' title='bbox 509 2179 637 2244; x_wconf 86' lang='lat' dir='ltr'><strong>saevitia,</strong></span> <span class='ocrx_word' id='word_1_177' title='bbox 656 2184 689 2229; x_wconf 86' lang='lat' dir='ltr'><strong>ut</strong></span> <span class='ocrx_word' id='word_1_178' title='bbox 706 2189 817 2229; x_wconf 87' lang='lat' dir='ltr'><strong>necesse</strong></span> 
     </span>
     <span class='ocr_line' id='line_1_28' title="bbox 36 2249 817 2320; baseline -0.004 -17"><span class='ocrx_word' id='word_1_179' title='bbox 36 2249 113 2303; x_wconf 77' lang='lat' dir='ltr'><strong>inerit</strong></span> <span class='ocrx_word' id='word_1_180' title='bbox 124 2253 262 2320; x_wconf 55' lang='lat' dir='ltr'><strong>Augusto,</strong></span> <span class='ocrx_word' id='word_1_181' title='bbox 274 2252 344 2304; x_wconf 87' lang='lat' dir='ltr'><strong>eiam</strong></span> <span class='ocrx_word' id='word_1_182' title='bbox 358 2250 462 2303; x_wconf 77' lang='lat' dir='ltr'><strong>frustm</strong></span> <span class='ocrx_word' id='word_1_183' title='bbox 474 2254 620 2317; x_wconf 87' lang='lat' dir='ltr'><strong>monitum,</strong></span> <span class='ocrx_word' id='word_1_184' title='bbox 635 2250 726 2304; x_wconf 88' lang='lat' dir='ltr'><strong>edicto</strong></span> <span class='ocrx_word' id='word_1_185' title='bbox 741 2253 817 2302; x_wconf 71' lang='lat' dir='ltr'><strong>coir·</strong></span> 
     </span>
     <span class='ocr_line' id='line_1_29' title="bbox 36 2340 98 2378; baseline 0 0"><span class='ocrx_word' id='word_1_186' title='bbox 36 2340 98 2378; x_wconf 74' lang='lat' dir='ltr'><strong>tere.</strong></span> 
     </span>
     <span class='ocr_line' id='line_1_30' title="bbox 81 2397 816 2466; baseline -0.007 -14"><span class='ocrx_word' id='word_1_187' title='bbox 81 2397 118 2452; x_wconf 81' lang='lat' dir='ltr'><strong>V.</strong></span> <span class='ocrx_word' id='word_1_188' title='bbox 136 2399 180 2451; x_wconf 83' lang='lat' dir='ltr'><strong>Ex</strong></span> <span class='ocrx_word' id='word_1_189' title='bbox 193 2400 313 2452; x_wconf 82' lang='lat' dir='ltr'><strong>Antonia</strong></span> <span class='ocrx_word' id='word_1_190' title='bbox 326 2400 430 2452; x_wconf 89' lang='lat' dir='ltr'><strong>maiore</strong></span> <span class='ocrx_word' id='word_1_191' title='bbox 444 2407 549 2466; x_wconf 87' lang='lat' dir='ltr'><strong>patrem</strong></span> <span class='ocrx_word' id='word_1_192' title='bbox 559 2399 676 2452; x_wconf 89' lang='lat' dir='ltr'><strong>Neronis</strong></span> <span class='ocrx_word' id='word_1_193' title='bbox 689 2410 816 2464; x_wconf 86' lang='lat' dir='ltr'><strong>procrea-</strong></span> 
     </span>
     <span class='ocr_line' id='line_1_31' title="bbox 36 2473 815 2541; baseline -0.005 -16"><span class='ocrx_word' id='word_1_194' title='bbox 36 2473 78 2538; x_wconf 79' lang='lat' dir='ltr'><strong>rit,</strong></span> <span class='ocrx_word' id='word_1_195' title='bbox 88 2476 167 2526; x_wconf 86' lang='lat' dir='ltr'><strong>omni</strong></span> <span class='ocrx_word' id='word_1_196' title='bbox 175 2481 253 2541; x_wconf 88' lang='lat' dir='ltr'><strong>parte</strong></span> <span class='ocrx_word' id='word_1_197' title='bbox 262 2475 335 2528; x_wconf 83' lang='lat' dir='ltr'><strong>vitae</strong></span> <span class='ocrx_word' id='word_1_198' title='bbox 346 2474 543 2527; x_wconf 86' lang='lat' dir='ltr'><strong>detestabilem.</strong></span> <span class='ocrx_word' id='word_1_199' title='bbox 573 2474 713 2541; x_wconf 84' lang='lat' dir='ltr'><strong>Siquidem</strong></span> <span class='ocrx_word' id='word_1_200' title='bbox 724 2485 815 2522; x_wconf 88' lang='lat' dir='ltr'><strong>eomes</strong></span> 
     </span>
     <span class='ocr_line' id='line_1_32' title="bbox 36 2547 814 2613; baseline -0.008 -13"><span class='ocrx_word' id='word_1_201' title='bbox 36 2548 64 2600; x_wconf 78' lang='lat' dir='ltr'><strong>td</strong></span> <span class='ocrx_word' id='word_1_202' title='bbox 76 2549 212 2600; x_wconf 86' lang='lat' dir='ltr'><strong>orientem</strong></span> <span class='ocrx_word' id='word_1_203' title='bbox 227 2549 257 2601; x_wconf 78' lang='lat' dir='ltr'><strong>G.</strong></span> <span class='ocrx_word' id='word_1_204' title='bbox 269 2549 395 2600; x_wconf 83' lang='lat' dir='ltr'><strong>Caesaris</strong></span> <span class='ocrx_word' id='word_1_205' title='bbox 404 2550 524 2613; x_wconf 89' lang='lat' dir='ltr'><strong>iuvenis,</strong></span> <span class='ocrx_word' id='word_1_206' title='bbox 536 2549 628 2600; x_wconf 88' lang='lat' dir='ltr'><strong>occiso</strong></span> <span class='ocrx_word' id='word_1_207' title='bbox 639 2547 738 2597; x_wconf 91' lang='lat' dir='ltr'><strong>iiberto</strong></span> <span class='ocrx_word' id='word_1_208' title='bbox 749 2559 814 2608; x_wconf 92' lang='lat' dir='ltr'><strong>suo,</strong></span> 
     </span>
     <span class='ocr_line' id='line_1_33' title="bbox 36 2619 816 2690; baseline -0.005 -16"><span class='ocrx_word' id='word_1_209' title='bbox 36 2623 101 2689; x_wconf 73' lang='lat' dir='ltr'><strong>[nou</strong></span> <span class='ocrx_word' id='word_1_210' title='bbox 115 2629 227 2689; x_wconf 89' lang='lat' dir='ltr'><strong>potare,</strong></span> <span class='ocrx_word' id='word_1_211' title='bbox 238 2629 369 2690; x_wconf 87' lang='lat' dir='ltr'><strong>quantum</strong></span> <span class='ocrx_word' id='word_1_212' title='bbox 381 2623 539 2688; x_wconf 85' lang='lat' dir='ltr'><strong>iubebatur,</strong></span> <span class='ocrx_word' id='word_1_213' title='bbox 553 2627 706 2684; x_wconf 87' lang='lat' dir='ltr'><strong>recusarat,</strong></span> <span class='ocrx_word' id='word_1_214' title='bbox 722 2619 816 2671; x_wconf 88' lang='lat' dir='ltr'><strong>dimis-</strong></span> 
     </span>
     <span class='ocr_line' id='line_1_34' title="bbox 36 2693 815 2753; baseline 0 -5"><span class='ocrx_word' id='word_1_215' title='bbox 36 2711 74 2748; x_wconf 71' lang='grc' dir='ltr'>ω</span> <span class='ocrx_word' id='word_1_216' title='bbox 83 2712 99 2750; x_wconf 87' lang='lat' dir='ltr'><strong>a</strong></span> <span class='ocrx_word' id='word_1_217' title='bbox 109 2696 224 2751; x_wconf 71' lang='lat' dir='ltr'><strong>echome</strong></span> <span class='ocrx_word' id='word_1_218' title='bbox 234 2698 384 2751; x_wconf 71' lang='lat' dir='ltr'><strong>emensum</strong></span> <span class='ocrx_word' id='word_1_219' title='bbox 393 2696 483 2753; x_wconf 80' lang='lat' dir='ltr'><strong>nihilo</strong></span> <span class='ocrx_word' id='word_1_220' title='bbox 492 2695 643 2750; x_wconf 77' lang='lat' dir='ltr'><strong>modestius</strong></span> <span class='ocrx_word' id='word_1_221' title='bbox 654 2695 730 2749; x_wconf 83' lang='lat' dir='ltr'><strong>vixit.</strong></span> <span class='ocrx_word' id='word_1_222' title='bbox 761 2693 815 2749; x_wconf 87' lang='lat' dir='ltr'><strong>Sed</strong></span> 
     </span>
    </p>
   </div>
   <div class='ocr_carea' id='block_1_3' title="bbox 573 2788 678 2838">
    <p class='ocr_par' dir='ltr' id='par_1_4' title="bbox 573 2788 678 2838">
     <span class='ocr_line' id='line_1_35' title="bbox 573 2788 678 2838; baseline 0 0"><span class='ocrx_word' id='word_1_223' title='bbox 573 2788 678 2838; x_wconf 44' lang='grc' dir='ltr'><strong>Π,</strong></span> 
     </span>
    </p>
   </div>
   <div class='ocr_carea' id='block_1_4' title="bbox 0 0 942 3060">
    <p class='ocr_par' dir='ltr' id='par_1_5' title="bbox 0 0 942 3060">
     <span class='ocr_line' id='line_1_36' title="bbox 0 0 942 3060; baseline 0 0"><span class='ocrx_word' id='word_1_224' title='bbox 0 0 942 3060; x_wconf 95' lang='lat' dir='ltr'><strong> </strong></span> 
     </span>
    </p>
   </div>
  </div>
 </body>
</html>
