1874 3060
114 204 164 256 182
393 204 420 251 C.
447 203 629 253 SUETONH
688 214 694 221 ·

114 345 169 382 non
179 334 304 397 possent,
324 341 409 381 cansa
419 327 555 380 caderent.
596 326 647 380 cui
659 326 840 379 instrumento
853 326 907 380 dis·

113 403 248 456 trahendo
258 401 330 455 nihil
339 419 395 455 non
404 401 510 454 fraudis
523 416 556 454 oc
566 401 697 455 lenocinii
707 400 841 466 adhibuit
849 417 907 455 mo·

112 479 151 530 do
163 479 297 530 osannae
309 477 433 544 singulos
443 477 596 544 increpans,
607 482 647 540 et,
657 476 728 542 qood
736 477 908 543 neopoleos

113 568 156 605 eos
169 551 349 620 lomspletiores
367 568 432 614 esee,
454 567 532 617 qoem
545 567 572 601 se
576 567 589 612 ,·
608 551 691 603 modo
706 551 905 617 poenitentium

112 627 259 691 simulans,
280 626 354 694 quod
364 625 557 693 principalium
567 640 657 677 rerum
667 626 783 691 privetis
795 626 905 693 copiam

111 701 223 754 iaceret.
264 701 451 767 compererat,
472 699 667 767 provincialem
679 699 845 766 locupletem
855 700 904 751 du·

112 782 192 828 cents
202 776 328 827 sestertia
337 790 495 827 numerasse
504 774 694 838 vocatoribus,
714 780 746 825 ut
759 790 809 842 per
822 773 903 827 fallu·

111 851 183 902 ciam
202 849 328 901 canuno
348 850 579 914 interponeretur,
599 864 650 901 nec
662 848 765 900 ttrlerat
777 849 902 913 moleste,

109 933 166 976 tam
180 938 279 990 magno
296 924 437 975 aestimari
451 921 583 975 honorem
598 938 700 975 coenae
714 936 790 975 suaa.
827 923 903 975 Huic

109 1004 220 1065 postero
233 998 277 1050 die
287 998 394 1050 sedenti
401 999 431 1049 in
442 997 569 1049 auctione
579 997 662 1062 misit,
673 998 720 1065 qui
729 997 823 1049 nescio
835 997 902 1065 qnid

109 1073 204 1124 frivoli
214 1072 338 1124 ducentis
348 1069 470 1125 millibus
479 1071 613 1136 traderet,
628 1072 796 1140 diceretque,
808 1087 900 1125 rossc-

110 1156 198 1199 tssrssm
208 1147 279 1214 apud
288 1146 426 1199 Caesarem
436 1154 528 1198 coeotu
539 1145 628 1212 spsios.

163 1220 225 1273 XL.
244 1219 843 1288 Vectigalionovaatqueinaudita,primum
851 1234 901 1289 per

109 1295 285 1361 publicanos,
307 1295 416 1359 deinde,
442 1295 508 1362 quia
527 1294 632 1347 lucrum
651 1296 832 1360 exuberabat,
850 1306 900 1362 per

110 1369 283 1421 occursiones
292 1369 473 1441 tribunosque
483 1369 675 1436 praetorianos
685 1371 821 1432 exercuit3
839 1370 901 1421 nul·

108 1443 137 1494 lo
148 1458 238 1495 rerum
249 1450 297 1495 nsit
306 1442 445 1496 hominnm
455 1459 554 1512 genere
564 1444 676 1508 omisso,
684 1445 728 1495 cui
737 1458 794 1497 non
803 1444 901 1497 tributi

109 1517 215 1584 aliquid
224 1517 385 1585 imponeret.
423 1517 478 1570 Pro
490 1518 602 1583 eduliis,
623 1519 900 1585 quaetotallrbeve·

108 1593 211 1656 nirent,
233 1598 336 1644 certum
350 1598 535 1661 statutumque
549 1593 722 1660 exigebatur:
742 1608 793 1659 pro
804 1593 900 1645 litibus

109 1680 142 1719 ac
150 1666 271 1731 iudiciis,
281 1668 437 1734 ubicunque
448 1668 595 1735 conceptis,
606 1667 817 1735 quadragesime
826 1683 899 1719 sum-

107 1756 178 1805 mae,
189 1741 224 1793 da
234 1756 288 1807 qna
298 1741 465 1809 litigatorum
479 1757 531 1794 nec
538 1742 598 1794 sine
607 1757 705 1808 poene,
717 1742 815 1809 siquis
825 1757 896 1794 com·

107 1815 234 1882 posuisse
244 1814 288 1866 vel
298 1815 416 1867 donasse
424 1816 564 1883 negotium
576 1817 794 1869 convinceretur.
808 1831 843 1868 ex
853 1831 897 1884 go-

107 1889 231 1942 rulorum
241 1888 347 1941 diurnis
358 1891 516 1956 quaestibus
526 1904 591 1956 pers
601 1897 712 1955 octava,
732 1906 766 1943 ex
776 1892 898 1959 rupturis

106 1963 329 2030 prostitutarum,
345 1970 475 2030 quantum
486 1979 609 2032 quaeque
618 1981 674 2018 uno
686 1966 835 2018 concubitu
843 1979 897 2018 me·

105 2043 187 2089 reret.
224 2036 408 2105 Additamque
418 2038 453 2089 ad
464 2045 547 2105 caput
556 2039 634 2107 legis,
643 2045 675 2091 ut
681 2046 840 2093 tenerentur
848 2054 897 2108 pu

106 2111 193 2174 blico,
213 2117 241 2163 et
251 2127 321 2179 quae
331 2114 526 2178 meretricium,
546 2120 574 2166 et
584 2116 631 2183 qui
641 2114 808 2167 lenocinium
818 2114 898 2168 fecis·

107 2192 180 2247 sent;
200 2200 316 2239 necnon
326 2189 539 2241 etmatrimonie
550 2190 672 2241 obnoxie
682 2195 781 2243 essent

161 2259 235 2313 XLI.
255 2260 401 2314 Eiusmodi
410 2262 591 2330 vectigalibus
601 2264 726 2328 indictis,
736 2279 827 2332 neque
834 2279 899 2332 pro·

105 2335 214 2403 positis,
221 2352 304 2404 quum
313 2347 363 2404 p'er
372 2337 557 2404 ignorantiam
567 2339 719 2405 scripturae
728 2338 817 2390 multu
826 2354 899 2391 com·

105 2412 191 2463 missa
204 2411 313 2476 fierent,
336 2413 445 2464 tandem
465 2411 606 2479 flagitante
625 2413 730 2480 populo
750 2413 899 2482 proposuit

105 2485 215 2552 quidem
224 2485 324 2554 legem,
345 2486 431 2539 sedet
443 2486 635 2539 minutissimis
648 2487 750 2552 literis,
771 2493 799 2540 et
813 2500 898 2555 ungn-

104 2559 226 2612 stissimo
241 2560 318 2625 loco,
338 2561 428 2613 utine
443 2562 489 2613 cui
504 2560 657 2615 describere
671 2562 776 2614 liceret.
814 2563 853 2613 Ac
863 2576 898 2613 ue

105 2633 179 2698 qnod
188 2649 244 2687 non
253 2635 443 2689 manubiunsm
453 2649 538 2703 genus
548 2637 729 2704 experiretur,
740 2636 859 2704 lupsnnr
868 2635 898 2687 in

89 2703 207 2764 Palatio
220 2710 378 2769 constituit·
390 2710 579 2781 distinctisque
589 2718 618 2765 et
624 2712 767 2765 instruens
777 2726 830 2779 pro
840 2710 898 2765 lori
