1874 3060
112 176 163 230 sec
386 176 418 235 c,
441 175 632 225 snnrouu

111 318 146 355 ne
165 298 309 369 profundo
324 304 470 366 mergeret,
490 303 633 363 exoratus,
657 297 731 349 Urbe
751 297 910 351 summovit.

111 377 171 428 Titi
180 375 312 439 Labieni,
332 374 419 425 Cordi
428 373 573 437 cromatii,
589 372 680 423 Cassii
689 370 909 439 Severiscripta,

111 455 223 503 senetur
234 448 367 501 conseritis
378 447 493 512 abolita,
504 446 621 514 requiri,
633 452 661 499 et
670 462 730 499 esse
740 446 770 497 in
779 446 908 501 manibus

110 523 285 591 lectitarique
298 523 435 590 permisit3
460 521 571 590 quando
586 521 706 572 maxime
720 534 772 571 sua
791 520 906 573 interes·

110 603 163 661 set,
182 604 214 649 ut
226 596 302 651 iscte
317 611 441 664 quaeque
450 595 570 662 posteris
579 595 733 646 cedantur.
771 593 906 649 Rationes

108 671 219 738 imperii
229 672 264 724 eb
274 671 398 738 Angtrsto
408 669 529 738 proponi
538 669 646 732 solitus,
656 669 705 720 sed
716 668 853 721 aTiborio
863 670 905 720 in.

107 746 263 809 termisses,
279 744 439 810 publicavit.
476 744 687 810 Megistretibus
696 743 905 795 liberamiuris-

107 819 266 883 dictionem,
276 823 304 870 et
313 818 372 871 sine
383 819 427 870 sni
437 818 632 886 appellatione,
644 818 789 869 concessit
819 816 904 885 Equi·

105 892 295 946 tesllomenos
303 907 396 946 sotere
407 891 904 961 cruioseque,necsinemoderatione,

104 968 280 1034 recognovit,
294 967 387 1035 pelam
397 968 524 1033 adempto
536 982 619 1035 equo,
637 966 737 1035 quibus
748 972 797 1018 unt
804 966 904 1035 probri

106 1040 272 1108 aliquidaut
285 1041 454 1108 ignominiae
467 1041 581 1105 inesset;
601 1056 711 1104 eorum,
731 1041 781 1111 qui
795 1041 902 1093 minore

105 1114 187 1182 culpa
206 1121 375 1179 tenerentur,
399 1115 558 1167 nominibus
581 1115 664 1166 modo
688 1115 718 1167 in
736 1114 904 1168 recitatione

104 1190 270 1256 praeteritis.
308 1190 346 1242 Ut
358 1189 447 1243 levior
460 1189 542 1241 labor
555 1189 743 1240 indicentibus
758 1187 844 1254 foret,
865 1188 903 1243 ad

107 1269 226 1328 quatuor
235 1263 342 1329 priores
357 1264 481 1331 quintam
491 1262 632 1316 decuriam
642 1263 759 1315 addidit.
799 1264 901 1317 Tentu-

104 1337 146 1388 vlt
155 1342 194 1400 et,
215 1338 390 1391 comitiorum
399 1343 630 1402 morereroeoto,
650 1337 903 1408 suffragiapopulo

103 1409 228 1463 residere.
266 1410 417 1480 [cgutaex
426 1417 590 1466 testamento
602 1412 722 1475 Tiberii,
743 1426 905 1483 quanquam

104 1484 225 1549 abolito,
246 1486 333 1539 sedet
342 1485 429 1538 iuliae
438 1487 592 1553 Augsrstoe,
612 1486 903 1554 quodTiberlussup·

102 1565 254 1625 presserat,
275 1576 337 1613 cum
352 1560 406 1612 nde
420 1576 454 1612 ao
468 1561 528 1612 sine
543 1561 681 1613 calumnia
694 1566 904 1629 repraesentata

102 1633 245 1700 persolvit.
274 1633 497 1688 Ducentesimem
507 1637 666 1687 auctionruu
677 1635 775 1687 ltaliae
784 1635 902 1687 remisit.

102 1707 200 1759 Multis
213 1708 404 1761 incendiorum
419 1708 519 1760 domna
532 1709 682 1777 supplevit:
706 1709 780 1761 acsi
799 1709 903 1778 quibus

102 1796 189 1849 regne
197 1782 331 1846 restituit,
344 1783 446 1834 adiecit
455 1790 483 1835 et
491 1782 611 1835 fructum
622 1799 728 1835 omnem
737 1782 901 1851 uectigalio-

102 1870 172 1919 rum,
183 1862 212 1907 et
219 1855 337 1907 reditum
348 1856 433 1908 medii
441 1857 583 1923 temporis,
593 1855 765 1910 utAntiocho
773 1857 902 1910 Comma-

101 1943 173 1996 geno
188 1930 343 1983 sestertium
362 1930 462 1983 millies
482 1932 670 1983 confiscatum.
709 1932 827 2000 Quoque
842 1946 900 1985 ma-

101 2002 258 2069 gisnullim
267 2019 324 2055 non
333 2005 402 2058 boni
411 2005 529 2072 exempli
538 2004 901 2071 lautorvideretur,mulicri

101 2077 248 2130 libertinae
259 2079 401 2145 octoginta
411 2079 533 2145 donavit,
540 2081 614 2148 quod
624 2081 784 2132 excruciata
792 2079 900 2149 gravis·

101 2151 180 2203 simis
189 2154 334 2205 tormentis
345 2154 379 2204 de
389 2154 490 2207 scelere
501 2156 613 2223 patroni
621 2155 786 2207 reticuisset.
823 2153 904 2215 oues

102 2225 139 2277 ob
149 2241 194 2279 res
203 2227 276 2281 inter
285 2228 409 2295 reliquos
419 2227 537 2281 honores
549 2230 673 2283 decretus
684 2235 726 2281 est
740 2229 768 2280 ei
783 2227 900 2297 clypeus

102 2315 214 2365 aureus,
236 2318 315 2371 quem
332 2304 480 2371 quotannis
495 2310 569 2356 certo
585 2305 630 2356 die
640 2304 760 2370 collegia
769 2301 900 2355 sacerdo·

100 2380 159 2427 tum
168 2375 198 2426 in
210 2376 378 2444 Capitolium
387 2377 498 2442 ferrent,
509 2384 607 2429 senatu
615 2383 809 2448 prosequente,
819 2375 899 2429 nobi-

99 2447 227 2517 libusque
237 2452 331 2517 puen's
341 2467 375 2503 ac
384 2452 493 2520 puellis,
505 2452 626 2505 carmine
634 2452 789 2517 modulato,
799 2450 897 2504 laudes

99 2524 230 2576 urtumm
242 2526 301 2578 eius
312 2527 482 2581 canentibus.
516 2525 663 2579 Decretum
675 2533 775 2589 eutem,
785 2531 818 2579 ut
828 2523 899 2588 dies,

100 2611 155 2664 quo
167 2601 285 2667 cepisset
293 2601 450 2669 imperium,
472 2598 746 2667 Parilicrocaretur,
767 2599 897 2653 velutar·

89 2680 256 2735 rumentum
264 2690 361 2731 nutus
372 2674 500 2728 conditae
509 2675 600 2729 Urbis.
