1874 3060
130 189 181 242 312
405 193 432 239 G.
459 192 647 240 SUETONH

130 313 272 378 membris,
286 313 365 366 multu
373 314 461 366 veluti
470 316 591 367 nitentis.
630 311 708 365 Unde
722 313 837 382 qnidam
846 315 927 368 urba·

129 404 228 441 norum
247 404 303 440 non
322 389 453 440 infacete:
477 389 613 456 siqnidem
632 389 743 456 petenti,
764 395 797 441 ut
815 396 843 442 et
856 391 886 442 in
899 407 927 443 se

130 462 237 530 aliquid
247 463 363 528 diceret,
374 461 485 526 Dicam,
497 463 600 530 inquit,
617 478 697 528 qoam
706 471 823 515 scobem
834 480 926 516 exoss-

128 552 191 588 rare
215 536 330 588 desieris.
378 536 544 588 valetudine
572 537 760 608 prosperrima
783 553 852 589 usus
876 546 924 603 est,

130 612 254 679 quamvis
265 611 440 662 adtuendam
451 626 511 662 eam
521 610 591 662 nihil
601 611 719 678 amplius
734 626 818 678 quam
832 611 925 665 fauces

130 691 274 753 ceteraque
283 686 406 737 membra
421 685 532 736 sibimet
542 685 578 736 nd
588 700 730 737 numerum
740 686 770 736 in
780 687 924 753 spaeriste·

127 760 171 811 rio
192 759 351 823 defricaret,
371 759 547 827 inediamque
565 759 648 811 unius
668 759 724 814 diei
738 775 788 828 per
801 761 925 830 singulos

127 848 234 887 menses
243 834 438 902 interponeret.

182 940 258 993 xxi.
280 940 410 995 Ordinem
424 942 498 994 vitae
513 940 570 993 fere
584 939 657 994 hunc
671 943 769 994 tenuit.
807 941 840 993 ln
853 944 923 1010 prin·

128 1016 222 1084 cipatu
231 1017 366 1067 maturius
376 1031 483 1083 semper
493 1031 527 1067 ac
536 1015 570 1068 de
580 1017 816 1084 noctevigilabat:
829 1016 924 1069 deinde

125 1090 255 1158 perlectis
266 1091 404 1157 epistolis,
417 1090 625 1157 officiorumque
636 1092 759 1141 omnium
769 1090 922 1155 breviariis,

127 1166 232 1216 amicos
243 1164 418 1216 admittebat:
439 1178 485 1227 ac,
500 1163 565 1214 dum
575 1163 762 1229 salutabatur,
783 1170 812 1216 et
822 1164 922 1217 calcea·

125 1240 175 1289 bat
183 1240 244 1305 ipse
254 1253 283 1289 se
299 1243 326 1290 et
340 1238 496 1289 amiciebat.
534 1237 605 1290 Post
618 1238 724 1302 decisa,
745 1254 921 1306 quaecamque

126 1313 313 1375 obvenissent,
327 1312 453 1380 negotia,
474 1312 625 1381 gestationi
635 1318 662 1364 et
671 1313 736 1364 indo
746 1313 837 1381 quieti
845 1328 921 1366 vaea-

124 1387 182 1450 bat,
194 1386 345 1438 accubante
355 1386 450 1454 aliqua
460 1387 644 1455 pallacarum,
661 1402 729 1454 quas
738 1388 769 1439 in
780 1387 922 1440 defunctae

125 1459 217 1511 locum
234 1460 362 1513 Caenidis
378 1462 511 1527 plurimas
526 1461 721 1512 constituerats
747 1475 765 1512 a
778 1462 922 1515 secretoiu

124 1534 264 1586 balineum
274 1535 480 1603 tricliniumque
492 1535 639 1586 transibat.
678 1534 736 1587 Nec
750 1535 809 1587 ullo
820 1542 921 1603 tempo-

125 1625 154 1660 re
164 1608 277 1661 facibus
288 1617 336 1660 aut
344 1610 533 1678 indulgentior
542 1609 676 1671 traditum
686 1624 776 1676 eaque
785 1616 922 1663 momenta

125 1684 270 1735 domestici
281 1683 316 1734 ad
327 1684 432 1753 aliquid
443 1683 760 1751 petendummagnopere
765 1685 920 1753 captabant.

180 1790 269 1843 xxn.
288 1791 325 1843 Et
344 1806 427 1859 super
447 1807 561 1844 coenam
581 1797 685 1855 autem,
707 1797 734 1843 ct
749 1807 834 1860 saper
848 1792 921 1844 aleas

126 1881 187 1916 cum
203 1866 300 1917 amicis
315 1866 401 1917 multa
415 1866 479 1917 ioca
492 1866 673 1933 transigebat.
711 1865 782 1918 Erat
795 1866 870 1919 enim
883 1866 921 1918 di·

125 1940 253 1992 cecitatis
263 1939 411 2005 plurimae,
428 1945 455 1991 et
465 1940 506 1991 sic
515 1940 640 1991 scurrilis
650 1954 684 1991 ac
693 1939 922 2007 sordidae,utns

125 2014 305 2080 praetextatis
326 2013 435 2079 quidem
458 2015 550 2066 verbis
574 2015 732 2066 abstineret.
771 2013 811 2067 Et
831 2021 923 2069 tamea

125 2086 259 2139 nonnulla
270 2088 328 2139 eius
338 2086 510 2140 facetissima
519 2093 641 2154 exstant,
655 2089 685 2140 in
696 2088 797 2158 quibus
807 2096 836 2142 et
845 2087 920 2143 haec.

124 2162 269 2214 Mestrium
287 2162 401 2213 Flonmr
426 2163 611 2228 consularem,
637 2163 794 2215 admonitus
819 2165 856 2217 ab
879 2179 921 2229 ee,

121 2238 245 2304 plaustro
259 2237 353 2303 potius
373 2253 455 2304 quam
470 2239 574 2305 plostra
593 2236 723 2302 dicenda,
743 2237 790 2289 dia
810 2244 920 2306 postero

125 2310 255 2362 Flsurusss
269 2310 410 2363 salutavit.
448 2312 628 2381 Expugnatns
647 2318 739 2364 autem
754 2326 772 2363 a
793 2312 921 2380 quadam,

127 2387 207 2452 qrrasi
217 2401 312 2438 amore
322 2386 366 2436 sui
376 2384 524 2451 deperiret,
541 2402 624 2455 quum
633 2386 783 2453 perductae
794 2403 846 2455 pro
859 2402 920 2440 con·

127 2461 221 2512 cubitu
240 2460 367 2512 sestertia
387 2461 571 2528 quadraginta
589 2460 733 2526 donasset,
758 2460 921 2514 admonente

126 2535 329 2602 dispensatore,
355 2534 584 2602 quemadmodum
608 2550 742 2586 summam
765 2535 922 2589 rationibus

123 2609 207 2662 vellet
215 2607 322 2673 inferri,
338 2607 506 2676 Vespasiano,
517 2608 616 2676 inquit,
628 2609 761 2662 adamato.
779 2655 783 2661 .

168 2692 278 2749 XXlll.
300 2692 439 2750 Utebatru
453 2697 481 2747 et
490 2689 617 2745 uersibus
627 2688 743 2771 Graecis
759 2688 923 2761 tempestive
