1874 3060
259 180 367 227 Nunc.
390 180 472 227 cir.
489 182 605 228 12-15.
777 178 829 235 228

42 302 224 373 spectaculum
250 303 379 355 invitavit
401 309 429 356 et
456 301 739 371 virgines'Vettales,
763 308 830 374 qnia

42 378 183 447 Olympiae
194 393 303 447 quoque
314 378 420 431 Cereris
429 378 621 445 sacerdotibus
630 385 754 446 spectare
764 396 829 433 con·

42 453 151 505 enims.

90 525 166 577 xlrr.
186 525 249 578 Non
262 526 398 578 immerito
412 526 652 595 interspectacula
662 528 697 579 ab
707 542 741 581 eo
751 528 827 581 edita

42 608 63 653 st
75 600 212 651 Tiridatis
225 601 255 651 in
268 601 368 653 Urbem
384 601 529 653 introitum
546 601 698 655 retulerim.
740 602 826 663 Quern

42 675 180 727 lrmeniae
193 689 284 742 regem
303 676 410 743 magnis
428 676 678 743 pollicitationibus
692 676 825 728 sollicitu-

42 765 105 812 nm,
122 763 205 816 quum
216 748 353 801 destinato
365 765 414 817 per
422 750 542 802 edictus
551 751 597 803 (lie
607 756 766 803 ostensurus
776 766 825 820 po·

42 822 101 891 pulc
114 828 230 892 propter
241 823 365 875 nubilum
379 824 542 889 distulisset,
556 825 699 893 produxit,
711 841 765 893 quo
777 841 825 891 op·

42 897 232 968 portunissime
255 898 358 966 potuit,
382 897 524 967 dispositis
548 900 622 952 circa
643 899 700 951 fori
721 900 825 969 templa

42 974 151 1025 omaus
175 971 352 1038 cohortibus,
381 973 470 1025 curuli
492 973 615 1026 residens
638 974 711 1041 apud
732 981 826 1027 rostra

42 1044 230 1116 ninmphmrtis
243 1044 352 1112 habitu,
362 1046 434 1099 inter
447 1047 528 1114 signe
539 1048 672 1098 militaria
685 1055 767 1117 atque
780 1064 824 1101 ve·

42 1120 123 1173 sillae
143 1126 172 1173 et
189 1121 278 1189 primo
298 1138 347 1191 per
366 1121 497 1173 devexum
515 1122 650 1190 pulpitum
665 1123 825 1174 subeuntem

42 1194 150 1247 iomisit
163 1196 199 1246 ad
212 1211 313 1262 genua,
330 1196 529 1263 allevatsunquc
539 1195 636 1248 dextra
649 1196 825 1248 exosculatus

42 1276 91 1333 sst3
102 1270 167 1321 dein
176 1271 312 1337 precanti,
321 1270 396 1321 tiara
406 1269 534 1334 deducta,
546 1270 673 1323 (liudem
682 1271 824 1338 imposuit,

42 1345 120 1397 rerba
133 1342 266 1412 supplicis
279 1345 461 1412 interpretata
473 1346 613 1410 praetorio
626 1346 687 1396 viro
701 1344 823 1397 multitu-

42 1418 312 1487 linipronunciante.
351 1417 514 1471 Perductsun
523 1417 824 1484 indeintheatrum,ac

42 1508 131 1545 :ursus
144 1493 356 1560 supplicantem,
369 1493 448 1543 iuxta
461 1506 491 1542 se
500 1490 586 1543 latere
596 1492 692 1543 dextro
704 1493 824 1544 colloca·

42 1568 84 1619 rit.
124 1567 166 1618 Ob
177 1582 247 1636 quae
255 1567 406 1635 imperator
416 1565 617 1627 consalutatum,
627 1564 723 1617 laurea
731 1566 761 1616 in
772 1566 823 1616 Ca·

42 1641 164 1709 sitolium
186 1641 258 1706 lata,
280 1642 377 1692 lenmn
398 1639 535 1708 geminum
558 1638 669 1701 clausit,
691 1644 824 1707 tanquam

42 1716 111 1769 rullo
121 1716 233 1768 residuo
244 1715 327 1768 bello.

88 1789 164 1843 xiv.
185 1791 350 1843 Consulatus
364 1795 483 1860 quatuor
494 1788 595 1856 gessit:
609 1787 726 1855 primum
739 1787 823 1839 bime·

42 1871 131 1931 mem,
147 1864 295 1917 secundum
309 1871 337 1917 et
348 1865 528 1917 novissimum
541 1868 697 1927 semestres,
711 1862 824 1914 tertium

42 1940 279 2009 {undrimestrem
299 1939 404 1991 medios
419 1940 490 1991 ‹lnos
505 1937 689 2003 continuavit,
699 1937 823 2006 reliquos

42 2020 104 2067 nter
115 2030 208 2066 annua
217 2014 308 2081 spatia
317 2014 444 2065 variavit.

87 2087 151 2141 XV.
180 2088 212 2140 ln
229 2087 419 2140 iurisdictione
441 2087 679 2157 postulatoribus,
702 2088 759 2140 nisi
782 2104 822 2140 se·

42 2163 128 2231 puentl
136 2161 484 2230 dieacperlibellos,non
492 2163 753 2231 temererespondit.
791 2161 823 2212 ln

42 2238 225 2364 ἓξιιοεοὲἲὲἰρ
237 2251 428 2379 mpirpglpupim
420 2236 521 2301 tenuit,
534 2243 577 2301 ut,
589 2236 726 2322 continuus
736 2236 823 2358 aotiot·

79 2328 146 2366 uso
201 2327 252 2376 sis,
362 2325 379 2361 a
443 2325 566 2378 quaeque
580 2322 822 2379 pervicesagere.

42 2386 149 2449 Quoties
160 2393 251 2438 antem
263 2384 298 2436 ad
308 2384 517 2437 consultandum
526 2385 677 2447 secederet,
691 2396 779 2449 neque
792 2382 823 2433 io

42 2476 179 2513 commune
194 2460 352 2530 quicquam,
367 2475 456 2527 neque
469 2459 614 2526 propalam
633 2455 822 2516 deliberabat3

42 2534 80 2589 ed
95 2541 124 2589 et
138 2534 309 2602 conscriptas
324 2534 359 2585 sb
373 2549 540 2602 unoquoque
553 2531 702 2584 sententias
720 2529 822 2581 tacitus

42 2625 66 2662 sc
74 2617 183 2663 secreto
193 2609 299 2676 legens,
314 2608 389 2675 quod
398 2608 454 2675 ipsi
463 2608 602 2670 libuisset,
616 2604 730 2673 perinde
740 2609 822 2671 atque

42 2684 158 2739 sluribus
171 2683 245 2737 idem
258 2682 410 2748 videretur,
425 2681 635 2751 pronunciabat
671 2678 704 2731 ln
718 2678 823 2731 ciuium
