1822 3068
99 199 149 253 380
382 198 411 243 G.
428 193 621 271 suanum!

279 331 363 370 aaut
381 331 448 371 nna.
467 307 569 369 xvu'i.
590 331 618 368 ι’.
638 314 716 368 ssot.

157 410 305 464 Suetonius
324 410 355 461 in
368 407 442 461 VIII.
456 408 635 461 Praetommz
655 405 737 460 Facti
753 406 805 458 diet
821 413 873 467 tuat,

99 482 332 612 afflictor,
352 482 383 534 t'd
396 491 446 548 eet,
468 482 580 545 dicitur,
591 480 746 554 utaesattt',
765 479 874 548 inquibat

120 687 175 741 DE
197 686 325 741 LUDIS
348 686 402 737 ET
426 684 720 738 SPECTACULIS
742 679 872 746 Linon:

316 776 400 829 AU'I'
418 774 537 826 LIBRI
555 774 683 827 VARII.

237 882 264 918 u.
286 879 437 921 ananius
457 880 523 917 aaa.
542 878 587 917 11.
609 879 683 916 cue.
705 880 766 918 vn.

160 957 214 1011 Sed
234 957 268 1009 dc
288 957 388 1010 fidibus
407 957 497 1008 rarius
517 956 622 1007 dictum
636 962 665 1008 et
677 956 831 1009 mirabilia·
842 960 878 1006 cot

104 1033 194 1093 Quam
202 1045 259 1083 rem
271 1037 299 1082 et
308 1031 359 1083 alii
368 1031 445 1083 docti
453 1031 507 1084 viii
521 1035 548 1082 et
559 1028 709 1082 Suetonius
720 1031 803 1083 etiam
812 1029 879 1081 Trau-

107 1105 209 1172 qnillua
218 1105 248 1159 In
257 1105 330 1158 libro
336 1105 453 1158 ludicrae
462 1102 590 1156 historiae
598 1103 689 1172 pn'mo
701 1105 771 1156 catio
782 1115 881 1169 comper·

103 1186 161 1229 tam
175 1194 247 1241 esce,
267 1180 390 1246 satisque
405 1193 534 1245 superea
548 1183 677 1231 constare
692 1179 820 1230 affirmm:
837 1190 880 1226 aer·

103 1252 159 1302 vioe
169 1250 301 1320 insidebat
312 1251 425 1304 brumali
438 1251 480 1304 die
495 1250 562 1303 alios
577 1250 672 1321 digitio
682 1251 760 1319 pelli,
780 1251 841 1303 odiat
852 1264 881 1299 co·

103 1340 177 1377 aare.

105 1443 376 1483 abundabimus
404 1446 448 1484 DE
474 1445 729 1498 SPRGTACULIS,
761 1447 828 1484 ΟΔΡ.
848 1443 881 1479 Π.

161 1522 229 1587 Qui,
245 1528 365 1592 quotque
375 1523 404 1574 iu
415 1523 552 1588 ormnem,
568 1523 602 1576 dc
612 1524 715 1591 quibua
725 1524 809 1576 idolio
818 1521 882 1574 ludos

103 1597 293 1662 instituerunt,
314 1598 435 1665 positum
445 1604 487 1649 eat
497 1597 570 1664 apud
581 1597 746 1651 Suetonium
756 1595 882 1665 Tranqui-

105 1671 171 1735 lnm,
182 1671 234 1735 vel,
246 1686 263 1722 a
274 1673 376 1739 quibua
387 1672 566 1739 Tranquillus
578 1673 696 1743 accepit.

171 1791 351 1831 nuouunna
372 1793 544 1830 cannono.
563 1792 629 1829 nnc.
650 1793 704 1831 111.
724 1794 753 1832 ι.
773 1779 830 1830 489.

162 1868 261 1921 Primis
272 1870 442 1936 temporibus
453 1869 557 1932 omnia,
573 1883 645 1935 quae
658 1869 690 1920 in
701 1885 786 1922 coena
794 1880 882 1921 venu-

104 1950 162 2005 tur,
183 1944 212 1993 in
227 1944 372 1996 comoedia
388 1944 546 2010 agebantur.
585 1942 657 1993 Nam
671 1942 883 1995 Pantomimooet

106 2013 256 2081 Pythanles
267 2023 294 2067 et
305 2015 455 2067 choraules
466 2018 495 2067 in
507 2016 653 2068 comoedia
664 2019 809 2069 canebant
844 2011 883 2066 su

107 2090 172 2156 quia
181 2104 237 2139 non
247 2095 376 2155 poterant
386 2091 480 2141 omnia
490 2089 573 2140 simui
588 2091 662 2157 apud
678 2107 775 2142 omnes
785 2089 883 2141 artifices

106 2163 211 2230 pariter
225 2162 370 2227 excellere,
392 2165 418 2215 si
432 2165 480 2232 qui
495 2169 574 2216 erant
585 2165 659 2216 inter
674 2172 786 2216 actores
797 2175 883 2216 comoe-

108 2238 216 2288 dIanam
231 2253 281 2307 pro
296 2237 428 2290 facultate
443 2245 470 2290 et
485 2246 544 2290 arte
558 2238 699 2304 potiores,
719 2240 884 2307 principatum

108 2312 163 2363 sibi
174 2313 287 2363 artificii
296 2311 482 2364 vindIcabant.
522 2312 569 2363 Sic
577 2311 684 2362 iactum
695 2320 749 2378 eet,
760 2319 800 2377 ut,
810 2311 883 2363 nolen-

107 2386 182 2436 tibus
193 2386 288 2438 ccdere
299 2387 389 2436 mimis
399 2387 427 2436 in
440 2387 558 2437 artificio
570 2401 621 2436 suo
634 2389 748 2451 ceteris,
763 2382 882 2453 separabo

108 2460 185 2510 fieret
198 2460 376 2526 reliquorum.
414 2460 484 2510 Nam
495 2460 559 2510 dum
573 2461 700 2526 potiores
716 2460 883 2516 inferioribus,

109 2534 195 2599 quiin
206 2535 282 2584 omni
292 2534 442 2601 ergasterio
454 2539 543 2596 erant,
560 2534 662 2585 servire
674 2534 884 2602 dedignabantur>

108 2622 137 2656 se
147 2607 224 2672 ipsos
234 2622 251 2657 a
262 2609 406 2659 comoedia
416 2614 623 2676 separaverunt:
645 2623 679 2658 ac
689 2609 731 2660 sic
741 2609 841 2660 factum
849 2609 884 2664 eat.

108 2686 139 2730 ot
158 2681 283 2751 exemplo
303 2683 387 2734 semel
406 2689 527 2749 sumpto,
547 2681 739 2751 unnsquisque
758 2684 825 2737 artic
836 2689 885 2732 not
