<?xml version="1.0" encoding="UTF-8"?>
<!DOCTYPE html PUBLIC "-//W3C//DTD XHTML 1.0 Transitional//EN"
    "http://www.w3.org/TR/xhtml1/DTD/xhtml1-transitional.dtd">
<html xmlns="http://www.w3.org/1999/xhtml" xml:lang="en" lang="en">
 <head>
  <title>
</title>
<meta http-equiv="Content-Type" content="text/html;charset=utf-8" />
  <meta name='ocr-system' content='tesseract 3.04.00' />
  <meta name='ocr-capabilities' content='ocr_page ocr_carea ocr_par ocr_line ocrx_word'/>
</head>
<body>
  <div class='ocr_page' id='page_1' title='image "./csuetoniitranqu00trangoog_0396.png"; bbox 0 0 1822 3068; ppageno 0'>
   <div class='ocr_carea' id='block_1_1' title="bbox 336 189 859 248">
    <p class='ocr_par' dir='ltr' id='par_1_1' title="bbox 336 189 859 248">
     <span class='ocr_line' id='line_1_1' title="bbox 336 189 859 248; baseline 0.011 -6"><span class='ocrx_word' id='word_1_1' title='bbox 336 195 588 245; x_wconf 75' lang='lat' dir='ltr'><strong>FRAGMENTA.</strong></span> <span class='ocrx_word' id='word_1_2' title='bbox 664 189 681 219; x_wconf 75' lang='lat'>⁸</span> <span class='ocrx_word' id='word_1_3' title='bbox 750 236 755 243; x_wconf 89' lang='lat'><strong>.</strong></span> <span class='ocrx_word' id='word_1_4' title='bbox 809 196 859 248; x_wconf 71' lang='lat'><strong>³83</strong></span> 
     </span>
    </p>
   </div>
   <div class='ocr_carea' id='block_1_2' title="bbox 181 297 724 462">
    <p class='ocr_par' dir='ltr' id='par_1_2' title="bbox 181 297 724 462">
     <span class='ocr_line' id='line_1_2' title="bbox 181 297 724 370; baseline 0.002 -1"><span class='ocrx_word' id='word_1_5' title='bbox 181 316 255 369; x_wconf 79' lang='lat' dir='ltr'><strong>nu</strong></span> <span class='ocrx_word' id='word_1_6' title='bbox 269 316 326 368; x_wconf 81' lang='lat' dir='ltr'><strong>nn</strong></span> <span class='ocrx_word' id='word_1_7' title='bbox 345 297 568 370; x_wconf 77' lang='lat' dir='ltr'>vns&#39;ruruu</span> <span class='ocrx_word' id='word_1_8' title='bbox 587 311 724 370; x_wconf 75' lang='lat' dir='ltr'><strong>niune.</strong></span> 
     </span>
     <span class='ocr_line' id='line_1_3' title="bbox 235 411 690 462; baseline 0.004 -4"><span class='ocrx_word' id='word_1_9' title='bbox 235 419 383 460; x_wconf 79' lang='lat' dir='ltr'><strong>snnvrus</strong></span> <span class='ocrx_word' id='word_1_10' title='bbox 403 423 436 459; x_wconf 86' lang='lat' dir='ltr'><strong>ru</strong></span> <span class='ocrx_word' id='word_1_11' title='bbox 456 423 515 461; x_wconf 83' lang='lat' dir='ltr'><strong>vn.</strong></span> <span class='ocrx_word' id='word_1_12' title='bbox 536 424 611 460; x_wconf 72' lang='lat' dir='ltr'><strong>unu.</strong></span> <span class='ocrx_word' id='word_1_13' title='bbox 631 411 690 462; x_wconf 80' lang='lat'><strong>612.</strong></span> 
     </span>
    </p>
   </div>
   <div class='ocr_carea' id='block_1_3' title="bbox 62 499 859 864">
    <p class='ocr_par' dir='ltr' id='par_1_3' title="bbox 62 499 859 864">
     <span class='ocr_line' id='line_1_4' title="bbox 122 499 859 566; baseline 0.001 -15"><span class='ocrx_word' id='word_1_14' title='bbox 122 500 270 552; x_wconf 85' lang='lat' dir='ltr'><strong>Suetonius</strong></span> <span class='ocrx_word' id='word_1_15' title='bbox 283 500 312 548; x_wconf 95' lang='lat' dir='ltr'><strong>in</strong></span> <span class='ocrx_word' id='word_1_16' title='bbox 326 499 398 551; x_wconf 91' lang='lat' dir='ltr'><strong>libro</strong></span> <span class='ocrx_word' id='word_1_17' title='bbox 414 500 448 551; x_wconf 90' lang='lat' dir='ltr'><strong><em>de</em></strong></span> <span class='ocrx_word' id='word_1_18' title='bbox 461 514 560 566; x_wconf 84' lang='lat' dir='ltr'><strong><em>genere</em></strong></span> <span class='ocrx_word' id='word_1_19' title='bbox 572 501 688 551; x_wconf 87' lang='lat' dir='ltr'><strong>vestium</strong></span> <span class='ocrx_word' id='word_1_20' title='bbox 703 501 783 565; x_wconf 85' lang='lat' dir='ltr'><strong>dicit,</strong></span> <span class='ocrx_word' id='word_1_21' title='bbox 803 504 859 552; x_wconf 88' lang='lat' dir='ltr'><strong>tria</strong></span> 
     </span>
     <span class='ocr_line' id='line_1_5' title="bbox 62 573 858 643; baseline -0.001 -16"><span class='ocrx_word' id='word_1_22' title='bbox 62 591 124 627; x_wconf 82' lang='lat' dir='ltr'><strong><em>esse</em></strong></span> <span class='ocrx_word' id='word_1_23' title='bbox 135 589 235 641; x_wconf 84' lang='lat' dir='ltr'><strong><em>genera</em></strong></span> <span class='ocrx_word' id='word_1_24' title='bbox 245 574 411 624; x_wconf 86' lang='lat' dir='ltr'><strong>trabearum.</strong></span> <span class='ocrx_word' id='word_1_25' title='bbox 448 573 537 624; x_wconf 89' lang='lat' dir='ltr'><strong>Unum</strong></span> <span class='ocrx_word' id='word_1_26' title='bbox 548 574 611 625; x_wconf 85' lang='lat' dir='ltr'><strong>Diis</strong></span> <span class='ocrx_word' id='word_1_27' title='bbox 621 582 772 639; x_wconf 76' lang='lat' dir='ltr'><strong>sacratum,</strong></span> <span class='ocrx_word' id='word_1_28' title='bbox 784 577 858 643; x_wconf 91' lang='lat' dir='ltr'><strong>quod</strong></span> 
     </span>
     <span class='ocr_line' id='line_1_6' title="bbox 62 647 857 717; baseline 0 -17"><span class='ocrx_word' id='word_1_29' title='bbox 62 656 106 701; x_wconf 75' lang='lat' dir='ltr'><strong>est</strong></span> <span class='ocrx_word' id='word_1_30' title='bbox 115 655 223 700; x_wconf 84' lang='lat' dir='ltr'><strong>tanturn</strong></span> <span class='ocrx_word' id='word_1_31' title='bbox 233 647 267 705; x_wconf 72' lang='lat' dir='ltr'><strong><em>ele</em></strong></span> <span class='ocrx_word' id='word_1_32' title='bbox 277 663 407 714; x_wconf 86' lang='lat' dir='ltr'><strong>purpura.</strong></span> <span class='ocrx_word' id='word_1_33' title='bbox 445 648 527 699; x_wconf 77' lang='lat' dir='ltr'><strong>Aliud</strong></span> <span class='ocrx_word' id='word_1_34' title='bbox 537 663 644 716; x_wconf 78' lang='lat' dir='ltr'>regum,</span> <span class='ocrx_word' id='word_1_35' title='bbox 659 650 786 716; x_wconf 84' lang='lat' dir='ltr'><strong>quodest</strong></span> <span class='ocrx_word' id='word_1_36' title='bbox 795 664 857 717; x_wconf 91' lang='lat' dir='ltr'><strong>pnr-</strong></span> 
     </span>
     <span class='ocr_line' id='line_1_7' title="bbox 63 720 857 792; baseline 0 -18"><span class='ocrx_word' id='word_1_37' title='bbox 63 738 191 792; x_wconf 90' lang='lat' dir='ltr'><strong>pureum,</strong></span> <span class='ocrx_word' id='word_1_38' title='bbox 212 720 295 772; x_wconf 87' lang='lat' dir='ltr'><strong>habet</strong></span> <span class='ocrx_word' id='word_1_39' title='bbox 308 727 399 782; x_wconf 86' lang='lat' dir='ltr'><strong>tamen</strong></span> <span class='ocrx_word' id='word_1_40' title='bbox 414 721 507 772; x_wconf 81' lang='lat' dir='ltr'><strong>album</strong></span> <span class='ocrx_word' id='word_1_41' title='bbox 522 723 636 791; x_wconf 86' lang='lat' dir='ltr'><strong>aliquid.</strong></span> <span class='ocrx_word' id='word_1_42' title='bbox 675 723 800 775; x_wconf 88' lang='lat' dir='ltr'><strong>Tertium</strong></span> <span class='ocrx_word' id='word_1_43' title='bbox 811 738 857 774; x_wconf 84' lang='lat' dir='ltr'><strong>au·</strong></span> 
     </span>
     <span class='ocr_line' id='line_1_8' title="bbox 63 796 488 864; baseline -0.002 -16"><span class='ocrx_word' id='word_1_44' title='bbox 63 798 169 864; x_wconf 85' lang='lat' dir='ltr'><strong>gurale,</strong></span> <span class='ocrx_word' id='word_1_45' title='bbox 181 796 215 847; x_wconf 87' lang='lat' dir='ltr'><strong><em>de</em></strong></span> <span class='ocrx_word' id='word_1_46' title='bbox 224 811 347 862; x_wconf 83' lang='lat' dir='ltr'>purpura</span> <span class='ocrx_word' id='word_1_47' title='bbox 357 801 384 846; x_wconf 87' lang='lat' dir='ltr'><strong>et</strong></span> <span class='ocrx_word' id='word_1_48' title='bbox 395 810 488 847; x_wconf 83' lang='lat' dir='ltr'><strong>cocco.</strong></span> 
     </span>
    </p>
   </div>
   <div class='ocr_carea' id='block_1_4' title="bbox 127 878 719 1000">
    <p class='ocr_par' dir='ltr' id='par_1_4' title="bbox 127 878 719 1000">
     <span class='ocr_line' id='line_1_9' title="bbox 127 878 719 1000; baseline 0.008 -27"><span class='ocrx_word' id='word_1_49' title='bbox 127 953 130 960; x_wconf 76' lang='lat'>·</span> <span class='ocrx_word' id='word_1_50' title='bbox 201 925 254 974; x_wconf 84' lang='lat' dir='ltr'><strong>nn</strong></span> <span class='ocrx_word' id='word_1_51' title='bbox 274 923 407 976; x_wconf 77' lang='lat' dir='ltr'><strong>uanus</strong></span> <span class='ocrx_word' id='word_1_52' title='bbox 426 923 563 1000; x_wconf 70' lang='lat' dir='ltr'><strong><em>venus</em></strong></span> <span class='ocrx_word' id='word_1_53' title='bbox 583 878 719 978; x_wconf 64' lang='lat' dir='ltr'><strong>uranu.</strong></span> 
     </span>
    </p>
   </div>
   <div class='ocr_carea' id='block_1_5' title="bbox 126 1019 791 1068">
    <p class='ocr_par' dir='ltr' id='par_1_5' title="bbox 126 1019 791 1068">
     <span class='ocr_line' id='line_1_10' title="bbox 126 1019 791 1068; baseline -0.003 -2"><span class='ocrx_word' id='word_1_54' title='bbox 126 1029 323 1066; x_wconf 75' lang='lat' dir='ltr'><strong>sosrrnrnu</strong></span> <span class='ocrx_word' id='word_1_55' title='bbox 343 1028 526 1066; x_wconf 76' lang='lat' dir='ltr'><strong>cuenrsrus</strong></span> <span class='ocrx_word' id='word_1_56' title='bbox 546 1030 611 1067; x_wconf 80' lang='lat' dir='ltr'><strong>nro.</strong></span> <span class='ocrx_word' id='word_1_57' title='bbox 632 1031 666 1068; x_wconf 80' lang='grc' dir='ltr'><strong>ιι.</strong></span> <span class='ocrx_word' id='word_1_58' title='bbox 688 1032 714 1068; x_wconf 79' lang='lat' dir='ltr'><strong>r.</strong></span> <span class='ocrx_word' id='word_1_59' title='bbox 734 1019 791 1068; x_wconf 70' lang='lat'><strong>2¹1⁰.</strong></span> 
     </span>
    </p>
   </div>
   <div class='ocr_carea' id='block_1_6' title="bbox 33 1106 859 1472">
    <p class='ocr_par' dir='ltr' id='par_1_6' title="bbox 33 1106 859 1472">
     <span class='ocr_line' id='line_1_11' title="bbox 123 1106 858 1173; baseline -0.001 -15"><span class='ocrx_word' id='word_1_60' title='bbox 123 1106 270 1159; x_wconf 83' lang='lat' dir='ltr'><strong>Suetonius</strong></span> <span class='ocrx_word' id='word_1_61' title='bbox 281 1106 460 1173; x_wconf 85' lang='lat' dir='ltr'><strong>Tranquillus</strong></span> <span class='ocrx_word' id='word_1_62' title='bbox 472 1106 514 1157; x_wconf 87' lang='lat' dir='ltr'><strong><em>De</em></strong></span> <span class='ocrx_word' id='word_1_63' title='bbox 527 1107 609 1157; x_wconf 84' lang='lat' dir='ltr'>rebus</span> <span class='ocrx_word' id='word_1_64' title='bbox 622 1108 720 1171; x_wconf 84' lang='lat' dir='ltr'><strong>variis,</strong></span> <span class='ocrx_word' id='word_1_65' title='bbox 742 1106 858 1173; x_wconf 63' lang='lat' dir='ltr'><strong>Prapio-</strong></span> 
     </span>
     <span class='ocr_line' id='line_1_12' title="bbox 66 1172 858 1248; baseline -0.005 -14"><span class='ocrx_word' id='word_1_66' title='bbox 66 1183 173 1234; x_wconf 70' lang='lat' dir='ltr'><strong>titiones</strong></span> <span class='ocrx_word' id='word_1_67' title='bbox 188 1181 302 1248; x_wconf 88' lang='lat' dir='ltr'><strong>(inquit)</strong></span> <span class='ocrx_word' id='word_1_68' title='bbox 317 1197 404 1232; x_wconf 69' lang='lat' dir='ltr'><strong>omues</strong></span> <span class='ocrx_word' id='word_1_69' title='bbox 419 1180 522 1232; x_wconf 83' lang='lat' dir='ltr'><strong>omm&#39;oo</strong></span> <span class='ocrx_word' id='word_1_70' title='bbox 537 1189 599 1232; x_wconf 78' lang='lat' dir='ltr'><strong>eunt</strong></span> <span class='ocrx_word' id='word_1_71' title='bbox 609 1172 728 1233; x_wconf 63' lang='lat' dir='ltr'><strong><em>Gr&#39;aeeoe</em></strong></span> <span class='ocrx_word' id='word_1_72' title='bbox 739 1180 858 1232; x_wconf 78' lang='lat' dir='ltr'><strong>duodeni·</strong></span> 
     </span>
     <span class='ocr_line' id='line_1_13' title="bbox 33 1253 859 1326; baseline -0.005 -18"><span class='ocrx_word' id='word_1_73' title='bbox 33 1277 37 1284; x_wconf 91' lang='lat'><strong>·</strong></span> <span class='ocrx_word' id='word_1_74' title='bbox 64 1257 148 1326; x_wconf 67' lang='lat' dir='ltr'><strong>giuti,</strong></span> <span class='ocrx_word' id='word_1_75' title='bbox 172 1255 218 1322; x_wconf 81' lang='lat' dir='ltr'><strong>qui</strong></span> <span class='ocrx_word' id='word_1_76' title='bbox 230 1269 352 1306; x_wconf 79' lang='lat' dir='ltr'><strong>nummu</strong></span> <span class='ocrx_word' id='word_1_77' title='bbox 365 1254 436 1306; x_wconf 77' lang='lat' dir='ltr'><strong>inter</strong></span> <span class='ocrx_word' id='word_1_78' title='bbox 449 1271 535 1307; x_wconf 74' lang='lat' dir='ltr'><strong><em>omnes</em></strong></span> <span class='ocrx_word' id='word_1_79' title='bbox 550 1253 656 1307; x_wconf 61' lang='lat' dir='ltr'><strong>niueos</strong></span> <span class='ocrx_word' id='word_1_80' title='bbox 668 1255 859 1325; x_wconf 70' lang='lat' dir='ltr'><strong>grammatic-oe</strong></span> 
     </span>
     <span class='ocr_line' id='line_1_14' title="bbox 67 1328 858 1400; baseline -0.003 -18"><span class='ocrx_word' id='word_1_81' title='bbox 67 1331 185 1400; x_wconf 73' lang='lat' dir='ltr'><strong><em>perfecte</em></strong></span> <span class='ocrx_word' id='word_1_82' title='bbox 195 1328 328 1382; x_wconf 80' lang='lat' dir='ltr'><strong>conuenit:</strong></span> <span class='ocrx_word' id='word_1_83' title='bbox 347 1336 451 1379; x_wconf 71' lang='lat' dir='ltr'><strong>nostrae</strong></span> <span class='ocrx_word' id='word_1_84' title='bbox 461 1345 521 1380; x_wconf 83' lang='lat' dir='ltr'><strong>vero</strong></span> <span class='ocrx_word' id='word_1_85' title='bbox 531 1346 585 1380; x_wconf 82' lang='lat' dir='ltr'><strong><em>me</em></strong></span> <span class='ocrx_word' id='word_1_86' title='bbox 594 1329 657 1381; x_wconf 74' lang='lat' dir='ltr'><strong>lue:</strong></span> <span class='ocrx_word' id='word_1_87' title='bbox 676 1330 718 1393; x_wconf 83' lang='lat' dir='ltr'><strong>al,</strong></span> <span class='ocrx_word' id='word_1_88' title='bbox 729 1330 772 1392; x_wconf 83' lang='lat' dir='ltr'><strong>od,</strong></span> <span class='ocrx_word' id='word_1_89' title='bbox 781 1345 858 1396; x_wconf 84' lang='lat' dir='ltr'><strong>prae·</strong></span> 
     </span>
     <span class='ocr_line' id='line_1_15' title="bbox 67 1401 638 1472; baseline -0.007 -16"><span class='ocrx_word' id='word_1_90' title='bbox 67 1415 114 1468; x_wconf 82' lang='lat' dir='ltr'><strong>ter,</strong></span> <span class='ocrx_word' id='word_1_91' title='bbox 123 1421 182 1472; x_wconf 80' lang='lat' dir='ltr'><strong>pro,</strong></span> <span class='ocrx_word' id='word_1_92' title='bbox 190 1419 266 1471; x_wconf 80' lang='lat' dir='ltr'><strong>prae,</strong></span> <span class='ocrx_word' id='word_1_93' title='bbox 277 1403 314 1465; x_wconf 81' lang='lat' dir='ltr'><strong>iu,</strong></span> <span class='ocrx_word' id='word_1_94' title='bbox 327 1419 367 1465; x_wconf 83' lang='lat' dir='ltr'><strong><em>ex,</em></strong></span> <span class='ocrx_word' id='word_1_95' title='bbox 379 1401 434 1464; x_wconf 74' lang='lat' dir='ltr'><strong>eui,</strong></span> <span class='ocrx_word' id='word_1_96' title='bbox 445 1417 530 1469; x_wconf 81' lang='lat' dir='ltr'><strong><em>euper,</em></strong></span> <span class='ocrx_word' id='word_1_97' title='bbox 542 1403 638 1454; x_wconf 76' lang='lat' dir='ltr'><strong>subter.</strong></span> 
     </span>
    </p>
   </div>
   <div class='ocr_carea' id='block_1_7' title="bbox 286 1509 636 1561">
    <p class='ocr_par' dir='ltr' id='par_1_7' title="bbox 286 1509 636 1561">
     <span class='ocr_line' id='line_1_16' title="bbox 286 1509 636 1561; baseline -0.006 0"><span class='ocrx_word' id='word_1_98' title='bbox 286 1524 370 1561; x_wconf 76' lang='lat' dir='ltr'><strong>rnuu</strong></span> <span class='ocrx_word' id='word_1_99' title='bbox 390 1524 455 1560; x_wconf 79' lang='lat' dir='ltr'><strong>nro.</strong></span> <span class='ocrx_word' id='word_1_100' title='bbox 477 1525 511 1561; x_wconf 86' lang='lat'><strong>11.</strong></span> <span class='ocrx_word' id='word_1_101' title='bbox 531 1524 558 1560; x_wconf 79' lang='lat' dir='ltr'><strong>r.</strong></span> <span class='ocrx_word' id='word_1_102' title='bbox 578 1509 636 1560; x_wconf 83' lang='lat'><strong>175.</strong></span> 
     </span>
    </p>
   </div>
   <div class='ocr_carea' id='block_1_8' title="bbox 67 1600 859 1821">
    <p class='ocr_par' dir='ltr' id='par_1_8' title="bbox 67 1600 859 1821">
     <span class='ocr_line' id='line_1_17' title="bbox 122 1600 859 1670; baseline -0.004 -16"><span class='ocrx_word' id='word_1_103' title='bbox 122 1603 269 1655; x_wconf 79' lang='lat' dir='ltr'><strong>Suetonius</strong></span> <span class='ocrx_word' id='word_1_104' title='bbox 289 1600 468 1670; x_wconf 84' lang='lat' dir='ltr'><strong>Tranquillus</strong></span> <span class='ocrx_word' id='word_1_105' title='bbox 491 1600 681 1667; x_wconf 84' lang='lat' dir='ltr'><strong>praeverbium</strong></span> <span class='ocrx_word' id='word_1_106' title='bbox 704 1604 783 1667; x_wconf 87' lang='lat' dir='ltr'><strong>putat</strong></span> <span class='ocrx_word' id='word_1_107' title='bbox 803 1600 859 1651; x_wconf 83' lang='lat' dir='ltr'><strong>diei</strong></span> 
     </span>
     <span class='ocr_line' id='line_1_18' title="bbox 67 1673 858 1744; baseline -0.009 -14"><span class='ocrx_word' id='word_1_108' title='bbox 67 1679 174 1740; x_wconf 86' lang='lat' dir='ltr'><strong><em>debere,</em></strong></span> <span class='ocrx_word' id='word_1_109' title='bbox 185 1677 259 1744; x_wconf 89' lang='lat' dir='ltr'><strong>quod</strong></span> <span class='ocrx_word' id='word_1_110' title='bbox 270 1682 342 1739; x_wconf 86' lang='lat' dir='ltr'><strong>ante,</strong></span> <span class='ocrx_word' id='word_1_111' title='bbox 352 1675 396 1726; x_wconf 87' lang='lat' dir='ltr'><strong>vel</strong></span> <span class='ocrx_word' id='word_1_112' title='bbox 407 1675 577 1737; x_wconf 82' lang='lat' dir='ltr'>adverbium,</span> <span class='ocrx_word' id='word_1_113' title='bbox 589 1674 663 1742; x_wconf 90' lang='lat' dir='ltr'><strong>quod</strong></span> <span class='ocrx_word' id='word_1_114' title='bbox 673 1680 738 1742; x_wconf 78' lang='lat' dir='ltr'><strong>poet</strong></span> <span class='ocrx_word' id='word_1_115' title='bbox 746 1673 858 1724; x_wconf 84' lang='lat' dir='ltr'>verbum</span> 
     </span>
     <span class='ocr_line' id='line_1_19' title="bbox 67 1750 613 1821; baseline -0.009 -19"><span class='ocrx_word' id='word_1_116' title='bbox 67 1750 217 1821; x_wconf 84' lang='lat' dir='ltr'><strong>appellatio</strong></span> <span class='ocrx_word' id='word_1_117' title='bbox 228 1751 312 1802; x_wconf 85' lang='lat' dir='ltr'><strong>etiarn</strong></span> <span class='ocrx_word' id='word_1_118' title='bbox 321 1764 474 1821; x_wconf 86' lang='lat' dir='ltr'><strong>nomenque</strong></span> <span class='ocrx_word' id='word_1_119' title='bbox 485 1754 613 1816; x_wconf 82' lang='lat' dir='ltr'><strong>ponatru.</strong></span> 
     </span>
    </p>
   </div>
   <div class='ocr_carea' id='block_1_9' title="bbox 219 1882 705 2027">
    <p class='ocr_par' dir='ltr' id='par_1_9' title="bbox 219 1882 705 2027">
     <span class='ocr_line' id='line_1_20' title="bbox 219 1882 705 1937; baseline -0.002 -1"><span class='ocrx_word' id='word_1_120' title='bbox 219 1886 273 1936; x_wconf 85' lang='lat' dir='ltr'><strong>DE</strong></span> <span class='ocrx_word' id='word_1_121' title='bbox 292 1883 474 1937; x_wconf 83' lang='lat' dir='ltr'><strong>VOGlBUS</strong></span> <span class='ocrx_word' id='word_1_122' title='bbox 494 1882 705 1936; x_wconf 82' lang='lat' dir='ltr'><strong>0M1Nosls.</strong></span> 
     </span>
     <span class='ocr_line' id='line_1_21' title="bbox 242 1975 680 2027; baseline 0.005 -3"><span class='ocrx_word' id='word_1_123' title='bbox 242 1988 387 2027; x_wconf 76' lang='lat' dir='ltr'><strong>annulus</strong></span> <span class='ocrx_word' id='word_1_124' title='bbox 408 1989 450 2026; x_wconf 73' lang='lat' dir='ltr'><strong>nn</strong></span> <span class='ocrx_word' id='word_1_125' title='bbox 472 1984 506 2026; x_wconf 84' lang='lat' dir='ltr'><strong>rr.</strong></span> <span class='ocrx_word' id='word_1_126' title='bbox 527 1988 601 2025; x_wconf 72' lang='lat' dir='ltr'><strong>unu.</strong></span> <span class='ocrx_word' id='word_1_127' title='bbox 621 1975 680 2026; x_wconf 79' lang='lat'><strong>683.</strong></span> 
     </span>
    </p>
   </div>
   <div class='ocr_carea' id='block_1_10' title="bbox 63 2064 858 2430">
    <p class='ocr_par' dir='ltr' id='par_1_10' title="bbox 63 2064 858 2430">
     <span class='ocr_line' id='line_1_22' title="bbox 121 2064 857 2134; baseline -0.007 -15"><span class='ocrx_word' id='word_1_128' title='bbox 121 2064 270 2120; x_wconf 82' lang='lat' dir='ltr'><strong>Suetonius</strong></span> <span class='ocrx_word' id='word_1_129' title='bbox 279 2065 334 2114; x_wconf 88' lang='lat' dir='ltr'><strong>tria</strong></span> <span class='ocrx_word' id='word_1_130' title='bbox 344 2079 445 2133; x_wconf 81' lang='lat' dir='ltr'><strong><em>genera</em></strong></span> <span class='ocrx_word' id='word_1_131' title='bbox 455 2065 589 2131; x_wconf 88' lang='lat' dir='ltr'><strong>pileorum</strong></span> <span class='ocrx_word' id='word_1_132' title='bbox 601 2065 683 2130; x_wconf 84' lang='lat' dir='ltr'><strong>dixit,</strong></span> <span class='ocrx_word' id='word_1_133' title='bbox 705 2066 804 2134; x_wconf 80' lang='lat' dir='ltr'><strong>quibus</strong></span> <span class='ocrx_word' id='word_1_134' title='bbox 815 2081 857 2114; x_wconf 83' lang='lat' dir='ltr'><strong>sa-</strong></span> 
     </span>
     <span class='ocr_line' id='line_1_23' title="bbox 64 2136 858 2209; baseline -0.01 -14"><span class='ocrx_word' id='word_1_135' title='bbox 64 2143 191 2198; x_wconf 82' lang='lat' dir='ltr'><strong>cerdotes</strong></span> <span class='ocrx_word' id='word_1_136' title='bbox 201 2143 323 2200; x_wconf 88' lang='lat' dir='ltr'><strong>utuntur,</strong></span> <span class='ocrx_word' id='word_1_137' title='bbox 335 2136 443 2203; x_wconf 78' lang='lat' dir='ltr'><strong>apicem,</strong></span> <span class='ocrx_word' id='word_1_138' title='bbox 453 2140 580 2207; x_wconf 69' lang='lat' dir='ltr'><strong>tutulum,</strong></span> <span class='ocrx_word' id='word_1_139' title='bbox 589 2142 725 2209; x_wconf 80' lang='lat' dir='ltr'><strong>galerum:</strong></span> <span class='ocrx_word' id='word_1_140' title='bbox 744 2139 792 2190; x_wconf 82' lang='lat' dir='ltr'><strong><em>sed</em></strong></span> <span class='ocrx_word' id='word_1_141' title='bbox 802 2138 858 2203; x_wconf 84' lang='lat' dir='ltr'><strong>epi·</strong></span> 
     </span>
     <span class='ocr_line' id='line_1_24' title="bbox 63 2212 858 2284; baseline -0.014 -13"><span class='ocrx_word' id='word_1_142' title='bbox 63 2235 120 2272; x_wconf 81' lang='lat' dir='ltr'><strong><em>cem</em></strong></span> <span class='ocrx_word' id='word_1_143' title='bbox 140 2215 243 2284; x_wconf 83' lang='lat' dir='ltr'><strong>pileum</strong></span> <span class='ocrx_word' id='word_1_144' title='bbox 263 2212 358 2275; x_wconf 66' lang='lat' dir='ltr'><strong>aerulo,</strong></span> <span class='ocrx_word' id='word_1_145' title='bbox 384 2213 458 2263; x_wconf 84' lang='lat' dir='ltr'><strong>eirca</strong></span> <span class='ocrx_word' id='word_1_146' title='bbox 477 2213 595 2264; x_wconf 83' lang='lat' dir='ltr'><strong>medium</strong></span> <span class='ocrx_word' id='word_1_147' title='bbox 614 2216 693 2280; x_wconf 83' lang='lat' dir='ltr'><strong>virga</strong></span> <span class='ocrx_word' id='word_1_148' title='bbox 711 2213 858 2262; x_wconf 83' lang='lat' dir='ltr'><strong>eminente:</strong></span> 
     </span>
     <span class='ocr_line' id='line_1_25' title="bbox 64 2285 858 2355; baseline -0.015 -9"><span class='ocrx_word' id='word_1_149' title='bbox 64 2293 192 2350; x_wconf 76' lang='lat' dir='ltr'><strong>tutulum,</strong></span> <span class='ocrx_word' id='word_1_150' title='bbox 208 2287 311 2354; x_wconf 87' lang='lat' dir='ltr'><strong>pileum</strong></span> <span class='ocrx_word' id='word_1_151' title='bbox 321 2286 444 2336; x_wconf 86' lang='lat' dir='ltr'><strong>lanatum</strong></span> <span class='ocrx_word' id='word_1_152' title='bbox 454 2292 543 2338; x_wconf 84' lang='lat' dir='ltr'><strong>metae</strong></span> <span class='ocrx_word' id='word_1_153' title='bbox 554 2289 654 2355; x_wconf 69' lang='lat' dir='ltr'><strong>figurae</strong></span> <span class='ocrx_word' id='word_1_154' title='bbox 672 2287 805 2355; x_wconf 82' lang='lat' dir='ltr'><strong>galerum,</strong></span> <span class='ocrx_word' id='word_1_155' title='bbox 817 2285 858 2352; x_wconf 89' lang='lat' dir='ltr'><strong>pi·</strong></span> 
     </span>
     <span class='ocr_line' id='line_1_26' title="bbox 63 2359 502 2430; baseline -0.014 -12"><span class='ocrx_word' id='word_1_156' title='bbox 63 2369 138 2420; x_wconf 88' lang='lat' dir='ltr'><strong>leum</strong></span> <span class='ocrx_word' id='word_1_157' title='bbox 150 2362 266 2430; x_wconf 84' lang='lat' dir='ltr'><strong>expelle</strong></span> <span class='ocrx_word' id='word_1_158' title='bbox 276 2359 386 2413; x_wconf 81' lang='lat' dir='ltr'><strong>hostiae</strong></span> <span class='ocrx_word' id='word_1_159' title='bbox 397 2375 502 2413; x_wconf 84' lang='lat' dir='ltr'><strong><em>eaesae.</em></strong></span> 
     </span>
    </p>
   </div>
   <div class='ocr_carea' id='block_1_11' title="bbox 198 2480 726 2520">
    <p class='ocr_par' dir='ltr' id='par_1_11' title="bbox 198 2480 726 2520">
     <span class='ocr_line' id='line_1_27' title="bbox 198 2480 726 2520; baseline -0.006 0"><span class='ocrx_word' id='word_1_160' title='bbox 198 2483 335 2520; x_wconf 76' lang='lat' dir='ltr'>AUCTOR</span> <span class='ocrx_word' id='word_1_161' title='bbox 353 2481 592 2520; x_wconf 73' lang='lat' dir='ltr'><strong>Erruohootcr</strong></span> <span class='ocrx_word' id='word_1_162' title='bbox 611 2480 726 2518; x_wconf 73' lang='lat' dir='ltr'><strong>uultur.</strong></span> 
     </span>
    </p>
   </div>
   <div class='ocr_carea' id='block_1_12' title="bbox 63 2551 858 2750">
    <p class='ocr_par' dir='ltr' id='par_1_12' title="bbox 63 2551 858 2750">
     <span class='ocr_line' id='line_1_28' title="bbox 113 2551 858 2628; baseline -0.008 -18"><span class='ocrx_word' id='word_1_163' title='bbox 113 2559 318 2628; x_wconf 78' lang='grc' dir='ltr'><strong><em>Ἄρχολὶπαρος,</em></strong></span> <span class='ocrx_word' id='word_1_164' title='bbox 339 2553 353 2608; x_wconf 81' lang='grc' dir='ltr'>ὁ</span> <span class='ocrx_word' id='word_1_165' title='bbox 368 2558 486 2626; x_wconf 78' lang='grc' dir='ltr'><strong><em>λιπαρῶν</em></strong></span> <span class='ocrx_word' id='word_1_166' title='bbox 501 2553 546 2606; x_wconf 75' lang='grc' dir='ltr'><strong>ἵνα</strong></span> <span class='ocrx_word' id='word_1_167' title='bbox 558 2553 640 2623; x_wconf 76' lang='grc' dir='ltr'><em>ἀρχῆς</em></span> <span class='ocrx_word' id='word_1_168' title='bbox 652 2552 729 2623; x_wconf 76' lang='grc' dir='ltr'><em>τύχῃ,</em></span> <span class='ocrx_word' id='word_1_169' title='bbox 749 2551 801 2605; x_wconf 69' lang='lat' dir='ltr'><strong>ten</strong></span> <span class='ocrx_word' id='word_1_170' title='bbox 811 2558 858 2604; x_wconf 81' lang='grc' dir='ltr'><strong>τοῦ</strong></span> 
     </span>
     <span class='ocr_line' id='line_1_29' title="bbox 63 2621 857 2709; baseline -0.01 -31"><span class='ocrx_word' id='word_1_171' title='bbox 63 2628 154 2709; x_wconf 59' lang='lat' dir='ltr'><strong>elegero</strong></span> <span class='ocrx_word' id='word_1_172' title='bbox 169 2624 361 2688; x_wconf 65' lang='grc' dir='ltr'><strong><em>λιπαννόμενος.</em></strong></span> <span class='ocrx_word' id='word_1_173' title='bbox 398 2621 473 2677; x_wconf 78' lang='grc' dir='ltr'><strong><em>Οὕτω</em></strong></span> <span class='ocrx_word' id='word_1_174' title='bbox 488 2622 654 2692; x_wconf 74' lang='grc' dir='ltr'><strong><em>Τράγκυλλος</em></strong></span> <span class='ocrx_word' id='word_1_175' title='bbox 667 2622 727 2691; x_wconf 76' lang='grc' dir='ltr'><strong>περὶ</strong></span> <span class='ocrx_word' id='word_1_176' title='bbox 739 2622 857 2685; x_wconf 62' lang='lat' dir='ltr'><strong>flieron-</strong></span> 
     </span>
     <span class='ocr_line' id='line_1_30' title="bbox 64 2715 137 2750; baseline -0.055 0"><span class='ocrx_word' id='word_1_177' title='bbox 64 2715 137 2750; x_wconf 64' lang='lat' dir='ltr'><strong>osor.</strong></span> 
     </span>
    </p>
   </div>
   <div class='ocr_carea' id='block_1_13' title="bbox 0 0 916 3068">
    <p class='ocr_par' dir='ltr' id='par_1_13' title="bbox 0 0 916 3068">
     <span class='ocr_line' id='line_1_31' title="bbox 0 0 916 3068; baseline 0 0"><span class='ocrx_word' id='word_1_178' title='bbox 0 0 916 3068; x_wconf 95' lang='lat' dir='ltr'><strong> </strong></span> 
     </span>
    </p>
   </div>
  </div>
 </body>
</html>
