<?xml version="1.0" encoding="UTF-8"?>
<!DOCTYPE html PUBLIC "-//W3C//DTD XHTML 1.0 Transitional//EN"
    "http://www.w3.org/TR/xhtml1/DTD/xhtml1-transitional.dtd">
<html xmlns="http://www.w3.org/1999/xhtml" xml:lang="en" lang="en">
 <head>
  <title>
</title>
<meta http-equiv="Content-Type" content="text/html;charset=utf-8" />
  <meta name='ocr-system' content='tesseract 3.04.00' />
  <meta name='ocr-capabilities' content='ocr_page ocr_carea ocr_par ocr_line ocrx_word'/>
</head>
<body>
  <div class='ocr_page' id='page_1' title='image "./csuetoniitranqu00trangoog_0045.png"; bbox 0 0 1822 3068; ppageno 0'>
   <div class='ocr_carea' id='block_1_1' title="bbox 81 181 596 234">
    <p class='ocr_par' dir='ltr' id='par_1_1' title="bbox 81 181 596 234">
     <span class='ocr_line' id='line_1_1' title="bbox 81 181 596 234; baseline -0.014 0"><span class='ocrx_word' id='word_1_1' title='bbox 81 181 115 234; x_wconf 69' lang='grc'><strong>31</strong></span> <span class='ocrx_word' id='word_1_2' title='bbox 360 184 388 229; x_wconf 80' lang='lat' dir='ltr'><strong>C.</strong></span> <span class='ocrx_word' id='word_1_3' title='bbox 408 181 596 230; x_wconf 69' lang='lat' dir='ltr'><strong>susacim</strong></span> 
     </span>
    </p>
   </div>
   <div class='ocr_carea' id='block_1_2' title="bbox 78 304 742 2766">
    <p class='ocr_par' dir='ltr' id='par_1_2' title="bbox 83 304 738 451">
     <span class='ocr_line' id='line_1_2' title="bbox 83 304 738 373; baseline -0.006 -13"><span class='ocrx_word' id='word_1_4' title='bbox 83 308 133 360; x_wconf 92' lang='lat' dir='ltr'><strong>diu</strong></span> <span class='ocrx_word' id='word_1_5' title='bbox 141 307 276 360; x_wconf 80' lang='lat' dir='ltr'><strong>velnccte</strong></span> <span class='ocrx_word' id='word_1_6' title='bbox 286 304 478 368; x_wconf 65' lang='lat' dir='ltr'><strong>subtrahebam</strong></span> <span class='ocrx_word' id='word_1_7' title='bbox 493 305 667 373; x_wconf 77' lang='lat' dir='ltr'><strong>augebatque</strong></span> <span class='ocrx_word' id='word_1_8' title='bbox 676 306 738 370; x_wconf 88' lang='lat' dir='ltr'><strong>iter,</strong></span> 
     </span>
     <span class='ocr_line' id='line_1_3' title="bbox 84 381 463 451; baseline -0.011 -16"><span class='ocrx_word' id='word_1_9' title='bbox 84 384 279 451; x_wconf 71' lang='lat' dir='ltr'><strong>subsequentes</strong></span> <span class='ocrx_word' id='word_1_10' title='bbox 290 381 463 448; x_wconf 77' lang='lat' dir='ltr'><strong>defatigaret.</strong></span> 
     </span>
    </p>

    <p class='ocr_par' dir='ltr' id='par_1_3' title="bbox 78 452 742 1269">
     <span class='ocr_line' id='line_1_4' title="bbox 139 452 741 522; baseline -0.003 -14"><span class='ocrx_word' id='word_1_11' title='bbox 139 455 240 510; x_wconf 84' lang='lat' dir='ltr'><strong>LXVI.</strong></span> <span class='ocrx_word' id='word_1_12' title='bbox 258 457 347 508; x_wconf 83' lang='lat' dir='ltr'><strong>Fama</strong></span> <span class='ocrx_word' id='word_1_13' title='bbox 358 470 424 507; x_wconf 85' lang='lat' dir='ltr'><strong>vero</strong></span> <span class='ocrx_word' id='word_1_14' title='bbox 439 452 583 506; x_wconf 89' lang='lat' dir='ltr'><strong>hostilium</strong></span> <span class='ocrx_word' id='word_1_15' title='bbox 598 455 741 522; x_wconf 83' lang='lat' dir='ltr'><strong>eopiamm</strong></span> 
     </span>
     <span class='ocr_line' id='line_1_5' title="bbox 82 529 742 599; baseline -0.008 -14"><span class='ocrx_word' id='word_1_16' title='bbox 82 539 129 586; x_wconf 83' lang='lat' dir='ltr'><strong>tos</strong></span> <span class='ocrx_word' id='word_1_17' title='bbox 141 547 199 584; x_wconf 87' lang='lat' dir='ltr'><strong>non</strong></span> <span class='ocrx_word' id='word_1_18' title='bbox 212 529 338 599; x_wconf 87' lang='lat' dir='ltr'><strong>negando</strong></span> <span class='ocrx_word' id='word_1_19' title='bbox 352 529 547 594; x_wconf 78' lang='lat' dir='ltr'><strong>minuendave,</strong></span> <span class='ocrx_word' id='word_1_20' title='bbox 568 529 618 581; x_wconf 91' lang='lat' dir='ltr'><strong>sed</strong></span> <span class='ocrx_word' id='word_1_21' title='bbox 630 530 742 598; x_wconf 82' lang='lat' dir='ltr'><strong>insuper</strong></span> 
     </span>
     <span class='ocr_line' id='line_1_6' title="bbox 83 603 742 672; baseline -0.009 -12"><span class='ocrx_word' id='word_1_22' title='bbox 83 607 174 659; x_wconf 89' lang='lat' dir='ltr'><strong>cando</strong></span> <span class='ocrx_word' id='word_1_23' title='bbox 195 603 420 672; x_wconf 84' lang='lat' dir='ltr'><strong>ementiendoque</strong></span> <span class='ocrx_word' id='word_1_24' title='bbox 441 605 631 655; x_wconf 82' lang='lat' dir='ltr'><strong>confirmabat.</strong></span> <span class='ocrx_word' id='word_1_25' title='bbox 674 604 742 672; x_wconf 73' lang='lat' dir='ltr'><strong>ltaqr</strong></span> 
     </span>
     <span class='ocr_line' id='line_1_7' title="bbox 83 677 732 751; baseline -0.008 -16"><span class='ocrx_word' id='word_1_26' title='bbox 83 681 253 751; x_wconf 77' lang='lat' dir='ltr'><strong>exspectatio</strong></span> <span class='ocrx_word' id='word_1_27' title='bbox 264 679 398 731; x_wconf 81' lang='lat' dir='ltr'><strong>adventus</strong></span> <span class='ocrx_word' id='word_1_28' title='bbox 407 677 493 730; x_wconf 89' lang='lat' dir='ltr'><strong>lubae</strong></span> <span class='ocrx_word' id='word_1_29' title='bbox 502 679 636 730; x_wconf 86' lang='lat' dir='ltr'><strong>terribilis</strong></span> <span class='ocrx_word' id='word_1_30' title='bbox 647 685 732 743; x_wconf 86' lang='lat' dir='ltr'><strong>esset,</strong></span> 
     </span>
     <span class='ocr_line' id='line_1_8' title="bbox 82 752 738 821; baseline -0.006 -12"><span class='ocrx_word' id='word_1_31' title='bbox 82 757 121 809; x_wconf 84' lang='lat' dir='ltr'><strong>tis</strong></span> <span class='ocrx_word' id='word_1_32' title='bbox 130 756 167 808; x_wconf 86' lang='lat' dir='ltr'><strong>ad</strong></span> <span class='ocrx_word' id='word_1_33' title='bbox 177 754 338 807; x_wconf 79' lang='lat' dir='ltr'><strong>concionem</strong></span> <span class='ocrx_word' id='word_1_34' title='bbox 347 753 495 817; x_wconf 84' lang='lat' dir='ltr'><strong>militibus,</strong></span> <span class='ocrx_word' id='word_1_35' title='bbox 507 752 619 815; x_wconf 66' lang='lat' dir='ltr'><strong>Scitote,</strong></span> <span class='ocrx_word' id='word_1_36' title='bbox 635 754 738 821; x_wconf 88' lang='lat' dir='ltr'><strong>inquit,</strong></span> 
     </span>
     <span class='ocr_line' id='line_1_9' title="bbox 84 825 742 897; baseline -0.005 -16"><span class='ocrx_word' id='word_1_37' title='bbox 84 829 133 881; x_wconf 74' lang='lat' dir='ltr'><strong>ertit</strong></span> <span class='ocrx_word' id='word_1_38' title='bbox 143 827 185 880; x_wconf 75' lang='lat' dir='ltr'><strong>leit</strong></span> <span class='ocrx_word' id='word_1_39' title='bbox 196 827 285 879; x_wconf 79' lang='lat' dir='ltr'><strong>diebus</strong></span> <span class='ocrx_word' id='word_1_40' title='bbox 295 844 385 897; x_wconf 83' lang='lat' dir='ltr'><strong>regem</strong></span> <span class='ocrx_word' id='word_1_41' title='bbox 395 825 544 896; x_wconf 84' lang='lat' dir='ltr'><strong>affuturum</strong></span> <span class='ocrx_word' id='word_1_42' title='bbox 558 843 617 880; x_wconf 81' lang='lat' dir='ltr'><strong>eum</strong></span> <span class='ocrx_word' id='word_1_43' title='bbox 627 828 715 879; x_wconf 83' lang='lat' dir='ltr'><strong>decem</strong></span> <span class='ocrx_word' id='word_1_44' title='bbox 725 829 742 879; x_wconf 70' lang='lat' dir='ltr'><strong>le</strong></span> 
     </span>
     <span class='ocr_line' id='line_1_10' title="bbox 84 901 742 972; baseline -0.005 -16"><span class='ocrx_word' id='word_1_45' title='bbox 84 903 200 971; x_wconf 82' lang='lat' dir='ltr'><strong>equitum</strong></span> <span class='ocrx_word' id='word_1_46' title='bbox 210 901 333 972; x_wconf 81' lang='lat' dir='ltr'><strong>triginta,</strong></span> <span class='ocrx_word' id='word_1_47' title='bbox 345 901 406 953; x_wconf 77' lang='lat' dir='ltr'><strong>levis</strong></span> <span class='ocrx_word' id='word_1_48' title='bbox 416 911 569 954; x_wconf 83' lang='lat' dir='ltr'><strong>armaturae</strong></span> <span class='ocrx_word' id='word_1_49' title='bbox 584 910 687 953; x_wconf 80' lang='lat' dir='ltr'><strong>eentum</strong></span> <span class='ocrx_word' id='word_1_50' title='bbox 697 902 742 954; x_wconf 81' lang='lat' dir='ltr'><strong>mil</strong></span> 
     </span>
     <span class='ocr_line' id='line_1_11' title="bbox 78 974 742 1047; baseline -0.002 -18"><span class='ocrx_word' id='word_1_51' title='bbox 78 976 190 1047; x_wconf 73' lang='lat' dir='ltr'><strong>phontis</strong></span> <span class='ocrx_word' id='word_1_52' title='bbox 200 975 330 1030; x_wconf 71' lang='lat' dir='ltr'><strong>trecentis.</strong></span> <span class='ocrx_word' id='word_1_53' title='bbox 370 974 488 1028; x_wconf 78' lang='lat' dir='ltr'><strong>Proinde</strong></span> <span class='ocrx_word' id='word_1_54' title='bbox 502 975 623 1028; x_wconf 76' lang='lat' dir='ltr'><strong>desinunt</strong></span> <span class='ocrx_word' id='word_1_55' title='bbox 637 975 742 1043; x_wconf 82' lang='lat' dir='ltr'><strong>quidem</strong></span> 
     </span>
     <span class='ocr_line' id='line_1_12' title="bbox 82 1049 742 1120; baseline -0.003 -16"><span class='ocrx_word' id='word_1_56' title='bbox 82 1053 154 1105; x_wconf 79' lang='lat' dir='ltr'><strong>ultra</strong></span> <span class='ocrx_word' id='word_1_57' title='bbox 163 1060 213 1103; x_wconf 79' lang='lat' dir='ltr'><strong>cut</strong></span> <span class='ocrx_word' id='word_1_58' title='bbox 222 1050 333 1120; x_wconf 77' lang='lat' dir='ltr'><strong>opinari,</strong></span> <span class='ocrx_word' id='word_1_59' title='bbox 346 1049 476 1118; x_wconf 72' lang='lat' dir='ltr'><strong>miliique,</strong></span> <span class='ocrx_word' id='word_1_60' title='bbox 492 1049 539 1118; x_wconf 84' lang='lat' dir='ltr'><strong>qui</strong></span> <span class='ocrx_word' id='word_1_61' title='bbox 547 1058 707 1118; x_wconf 76' lang='lat' dir='ltr'><strong>compertum</strong></span> <span class='ocrx_word' id='word_1_62' title='bbox 718 1050 742 1102; x_wconf 72' lang='lat' dir='ltr'><strong>lo</strong></span> 
     </span>
     <span class='ocr_line' id='line_1_13' title="bbox 82 1124 742 1193; baseline -0.003 -15"><span class='ocrx_word' id='word_1_63' title='bbox 82 1126 162 1179; x_wconf 79' lang='lat' dir='ltr'><strong>duct:</strong></span> <span class='ocrx_word' id='word_1_64' title='bbox 172 1132 221 1178; x_wconf 83' lang='lat' dir='ltr'><strong>cut</strong></span> <span class='ocrx_word' id='word_1_65' title='bbox 229 1124 341 1193; x_wconf 74' lang='lat' dir='ltr'><strong>quidm,</strong></span> <span class='ocrx_word' id='word_1_66' title='bbox 351 1124 527 1177; x_wconf 73' lang='lat' dir='ltr'><strong>remotissima</strong></span> <span class='ocrx_word' id='word_1_67' title='bbox 537 1133 602 1176; x_wconf 81' lang='lat' dir='ltr'><strong>noce</strong></span> <span class='ocrx_word' id='word_1_68' title='bbox 611 1124 742 1192; x_wconf 78' lang='lat' dir='ltr'><strong>impositos</strong></span> 
     </span>
     <span class='ocr_line' id='line_1_14' title="bbox 83 1198 725 1269; baseline -0.005 -16"><span class='ocrx_word' id='word_1_69' title='bbox 83 1218 132 1269; x_wconf 81' lang='lat' dir='ltr'><strong>que</strong></span> <span class='ocrx_word' id='word_1_70' title='bbox 141 1209 217 1253; x_wconf 80' lang='lat' dir='ltr'><strong>vento</strong></span> <span class='ocrx_word' id='word_1_71' title='bbox 226 1199 256 1253; x_wconf 77' lang='lat' dir='ltr'><strong>in</strong></span> <span class='ocrx_word' id='word_1_72' title='bbox 265 1214 431 1268; x_wconf 79' lang='lat' dir='ltr'><strong>quascunque</strong></span> <span class='ocrx_word' id='word_1_73' title='bbox 442 1208 527 1251; x_wconf 82' lang='lat' dir='ltr'><strong>terras</strong></span> <span class='ocrx_word' id='word_1_74' title='bbox 537 1198 629 1251; x_wconf 78' lang='lat' dir='ltr'><strong>iubebo</strong></span> <span class='ocrx_word' id='word_1_75' title='bbox 640 1199 725 1251; x_wconf 77' lang='lat' dir='ltr'><strong>avehi.</strong></span> 
     </span>
    </p>

    <p class='ocr_par' dir='ltr' id='par_1_4' title="bbox 79 1272 742 2451">
     <span class='ocr_line' id='line_1_15' title="bbox 138 1272 742 1343; baseline 0 -17"><span class='ocrx_word' id='word_1_76' title='bbox 138 1272 251 1328; x_wconf 76' lang='lat' dir='ltr'><strong>LXVII.</strong></span> <span class='ocrx_word' id='word_1_77' title='bbox 271 1274 383 1327; x_wconf 82' lang='lat' dir='ltr'><strong>Delicta</strong></span> <span class='ocrx_word' id='word_1_78' title='bbox 392 1290 480 1343; x_wconf 91' lang='lat' dir='ltr'><strong>neque</strong></span> <span class='ocrx_word' id='word_1_79' title='bbox 492 1274 659 1327; x_wconf 83' lang='lat' dir='ltr'><strong>observabat</strong></span> <span class='ocrx_word' id='word_1_80' title='bbox 670 1275 742 1326; x_wconf 89' lang='lat' dir='ltr'><strong>omni</strong></span> 
     </span>
     <span class='ocr_line' id='line_1_16' title="bbox 83 1348 742 1419; baseline -0.002 -17"><span class='ocrx_word' id='word_1_81' title='bbox 83 1366 134 1419; x_wconf 86' lang='lat' dir='ltr'><strong>pro</strong></span> <span class='ocrx_word' id='word_1_82' title='bbox 146 1349 229 1402; x_wconf 90' lang='lat' dir='ltr'><strong>modo</strong></span> <span class='ocrx_word' id='word_1_83' title='bbox 241 1348 454 1418; x_wconf 80' lang='lat' dir='ltr'><strong>exsequebatur3</strong></span> <span class='ocrx_word' id='word_1_84' title='bbox 479 1348 528 1400; x_wconf 91' lang='lat' dir='ltr'><strong>sed</strong></span> <span class='ocrx_word' id='word_1_85' title='bbox 539 1349 710 1402; x_wconf 89' lang='lat' dir='ltr'><strong>desertorum</strong></span> <span class='ocrx_word' id='word_1_86' title='bbox 722 1365 742 1401; x_wconf 78' lang='lat' dir='ltr'><strong>a</strong></span> 
     </span>
     <span class='ocr_line' id='line_1_17' title="bbox 83 1424 736 1493; baseline -0.002 -16"><span class='ocrx_word' id='word_1_87' title='bbox 83 1441 177 1478; x_wconf 88' lang='lat' dir='ltr'><strong>sorum</strong></span> <span class='ocrx_word' id='word_1_88' title='bbox 193 1431 221 1478; x_wconf 88' lang='lat' dir='ltr'><strong>et</strong></span> <span class='ocrx_word' id='word_1_89' title='bbox 234 1425 384 1493; x_wconf 82' lang='lat' dir='ltr'><strong>inquisitor</strong></span> <span class='ocrx_word' id='word_1_90' title='bbox 402 1430 429 1476; x_wconf 88' lang='lat' dir='ltr'><strong>et</strong></span> <span class='ocrx_word' id='word_1_91' title='bbox 442 1425 556 1492; x_wconf 84' lang='lat' dir='ltr'><strong>punitor</strong></span> <span class='ocrx_word' id='word_1_92' title='bbox 572 1424 736 1489; x_wconf 85' lang='lat' dir='ltr'><strong>acerrimus,</strong></span> 
     </span>
     <span class='ocr_line' id='line_1_18' title="bbox 83 1500 742 1568; baseline -0.003 -17"><span class='ocrx_word' id='word_1_93' title='bbox 83 1501 174 1551; x_wconf 81' lang='lat' dir='ltr'><strong>botin</strong></span> <span class='ocrx_word' id='word_1_94' title='bbox 189 1501 295 1552; x_wconf 83' lang='lat' dir='ltr'><strong>ceteris.</strong></span> <span class='ocrx_word' id='word_1_95' title='bbox 333 1500 373 1551; x_wconf 82' lang='lat' dir='ltr'><strong>Ac</strong></span> <span class='ocrx_word' id='word_1_96' title='bbox 391 1513 587 1566; x_wconf 88' lang='lat' dir='ltr'><strong>nonnunquam</strong></span> <span class='ocrx_word' id='word_1_97' title='bbox 606 1504 671 1566; x_wconf 86' lang='lat' dir='ltr'><strong>post</strong></span> <span class='ocrx_word' id='word_1_98' title='bbox 688 1515 742 1568; x_wconf 62' lang='lat' dir='ltr'><strong>ma!</strong></span> 
     </span>
     <span class='ocr_line' id='line_1_19' title="bbox 83 1574 742 1644; baseline -0.005 -17"><span class='ocrx_word' id='word_1_99' title='bbox 83 1588 166 1642; x_wconf 82' lang='lat' dir='ltr'><strong>gnam</strong></span> <span class='ocrx_word' id='word_1_100' title='bbox 181 1581 263 1644; x_wconf 85' lang='lat' dir='ltr'><strong>atque</strong></span> <span class='ocrx_word' id='word_1_101' title='bbox 276 1575 435 1638; x_wconf 66' lang='lat' dir='ltr'><strong>viantium,</strong></span> <span class='ocrx_word' id='word_1_102' title='bbox 456 1574 572 1625; x_wconf 77' lang='lat' dir='ltr'><strong>remisso</strong></span> <span class='ocrx_word' id='word_1_103' title='bbox 589 1574 742 1626; x_wconf 82' lang='lat' dir='ltr'><strong>officiorum</strong></span> 
     </span>
     <span class='ocr_line' id='line_1_20' title="bbox 83 1647 742 1716; baseline -0.002 -15"><span class='ocrx_word' id='word_1_104' title='bbox 83 1650 227 1703; x_wconf 86' lang='lat' dir='ltr'><strong>licentiam</strong></span> <span class='ocrx_word' id='word_1_105' title='bbox 247 1664 355 1703; x_wconf 87' lang='lat' dir='ltr'><strong>omnem</strong></span> <span class='ocrx_word' id='word_1_106' title='bbox 379 1649 484 1715; x_wconf 81' lang='lat' dir='ltr'><strong>passim</strong></span> <span class='ocrx_word' id='word_1_107' title='bbox 506 1647 671 1700; x_wconf 78' lang='lat' dir='ltr'><strong>lasciviendi</strong></span> <span class='ocrx_word' id='word_1_108' title='bbox 694 1665 742 1716; x_wconf 84' lang='lat' dir='ltr'><strong>per</strong></span> 
     </span>
     <span class='ocr_line' id='line_1_21' title="bbox 82 1720 742 1792; baseline -0.002 -16"><span class='ocrx_word' id='word_1_109' title='bbox 82 1727 189 1777; x_wconf 83' lang='lat' dir='ltr'><strong>iactare</strong></span> <span class='ocrx_word' id='word_1_110' title='bbox 207 1724 321 1788; x_wconf 77' lang='lat' dir='ltr'><strong>solimis,</strong></span> <span class='ocrx_word' id='word_1_111' title='bbox 341 1721 436 1774; x_wconf 78' lang='lat' dir='ltr'><strong>milites</strong></span> <span class='ocrx_word' id='word_1_112' title='bbox 450 1734 511 1772; x_wconf 76' lang='lat' dir='ltr'><strong>suot</strong></span> <span class='ocrx_word' id='word_1_113' title='bbox 524 1720 604 1773; x_wconf 73' lang='lat' dir='ltr'><strong>etium</strong></span> <span class='ocrx_word' id='word_1_114' title='bbox 618 1734 742 1792; x_wconf 75' lang='lat' dir='ltr'><strong>unguent</strong></span> 
     </span>
     <span class='ocr_line' id='line_1_22' title="bbox 79 1793 742 1868; baseline 0.008 -23"><span class='ocrx_word' id='word_1_115' title='bbox 79 1812 204 1868; x_wconf 63' lang='lat' dir='ltr'><strong>pugnare</strong></span> <span class='ocrx_word' id='word_1_116' title='bbox 217 1810 310 1864; x_wconf 69' lang='lat' dir='ltr'><strong>poem</strong></span> <span class='ocrx_word' id='word_1_117' title='bbox 337 1810 389 1847; x_wconf 86' lang='lat' dir='ltr'><strong>nec</strong></span> <span class='ocrx_word' id='word_1_118' title='bbox 405 1793 501 1847; x_wconf 70' lang='lat' dir='ltr'><strong>militm</strong></span> <span class='ocrx_word' id='word_1_119' title='bbox 519 1808 569 1848; x_wconf 84' lang='lat' dir='ltr'><strong>eos</strong></span> <span class='ocrx_word' id='word_1_120' title='bbox 588 1811 640 1864; x_wconf 84' lang='lat' dir='ltr'><strong>pro</strong></span> <span class='ocrx_word' id='word_1_121' title='bbox 663 1800 742 1850; x_wconf 85' lang='lat' dir='ltr'><strong>conci</strong></span> 
     </span>
     <span class='ocr_line' id='line_1_23' title="bbox 83 1869 729 1938; baseline -0.003 -13"><span class='ocrx_word' id='word_1_122' title='bbox 83 1872 224 1925; x_wconf 83' lang='lat' dir='ltr'><strong>blandiori</strong></span> <span class='ocrx_word' id='word_1_123' title='bbox 236 1871 347 1922; x_wconf 76' lang='lat' dir='ltr'><strong>nomino</strong></span> <span class='ocrx_word' id='word_1_124' title='bbox 356 1869 542 1922; x_wconf 61' lang='lat' dir='ltr'><strong>commutasses</strong></span> <span class='ocrx_word' id='word_1_125' title='bbox 558 1871 729 1938; x_wconf 82' lang='lat' dir='ltr'><strong>appellabat:</strong></span> 
     </span>
     <span class='ocr_line' id='line_1_24' title="bbox 84 1945 742 2016; baseline -0.006 -17"><span class='ocrx_word' id='word_1_126' title='bbox 84 1953 203 2016; x_wconf 85' lang='lat' dir='ltr'><strong>quetarn</strong></span> <span class='ocrx_word' id='word_1_127' title='bbox 214 1945 315 2009; x_wconf 89' lang='lat' dir='ltr'><strong>cultos,</strong></span> <span class='ocrx_word' id='word_1_128' title='bbox 335 1950 367 1995; x_wconf 92' lang='lat' dir='ltr'><strong>ut</strong></span> <span class='ocrx_word' id='word_1_129' title='bbox 381 1951 494 2011; x_wconf 85' lang='lat' dir='ltr'><strong>argento</strong></span> <span class='ocrx_word' id='word_1_130' title='bbox 510 1951 538 1996; x_wconf 87' lang='lat' dir='ltr'><strong>et</strong></span> <span class='ocrx_word' id='word_1_131' title='bbox 552 1961 620 1998; x_wconf 89' lang='lat' dir='ltr'><strong>auro</strong></span> <span class='ocrx_word' id='word_1_132' title='bbox 632 1946 742 2013; x_wconf 70' lang='lat' dir='ltr'><strong>politis:</strong></span> 
     </span>
     <span class='ocr_line' id='line_1_25' title="bbox 83 2018 742 2087; baseline 0 -13"><span class='ocrx_word' id='word_1_133' title='bbox 83 2027 175 2085; x_wconf 89' lang='lat' dir='ltr'><strong>naret,</strong></span> <span class='ocrx_word' id='word_1_134' title='bbox 190 2020 273 2073; x_wconf 89' lang='lat' dir='ltr'><strong>simul</strong></span> <span class='ocrx_word' id='word_1_135' title='bbox 282 2026 311 2072; x_wconf 90' lang='lat' dir='ltr'><strong>et</strong></span> <span class='ocrx_word' id='word_1_136' title='bbox 320 2018 356 2071; x_wconf 90' lang='lat' dir='ltr'><strong>ad</strong></span> <span class='ocrx_word' id='word_1_137' title='bbox 365 2021 497 2087; x_wconf 84' lang='lat' dir='ltr'><strong>speciem,</strong></span> <span class='ocrx_word' id='word_1_138' title='bbox 513 2026 541 2073; x_wconf 91' lang='lat' dir='ltr'><strong>et</strong></span> <span class='ocrx_word' id='word_1_139' title='bbox 550 2036 605 2087; x_wconf 91' lang='lat' dir='ltr'><strong>quo</strong></span> <span class='ocrx_word' id='word_1_140' title='bbox 616 2023 742 2074; x_wconf 88' lang='lat' dir='ltr'><strong>tenacior</strong></span> 
     </span>
     <span class='ocr_line' id='line_1_26' title="bbox 82 2093 742 2165; baseline -0.002 -16"><span class='ocrx_word' id='word_1_141' title='bbox 82 2099 113 2149; x_wconf 90' lang='lat' dir='ltr'><strong>in</strong></span> <span class='ocrx_word' id='word_1_142' title='bbox 122 2096 230 2164; x_wconf 79' lang='lat' dir='ltr'><strong>proelio</strong></span> <span class='ocrx_word' id='word_1_143' title='bbox 242 2101 333 2147; x_wconf 85' lang='lat' dir='ltr'><strong>essent</strong></span> <span class='ocrx_word' id='word_1_144' title='bbox 342 2101 417 2146; x_wconf 88' lang='lat' dir='ltr'><strong>metu</strong></span> <span class='ocrx_word' id='word_1_145' title='bbox 426 2093 529 2147; x_wconf 86' lang='lat' dir='ltr'><strong>damni.</strong></span> <span class='ocrx_word' id='word_1_146' title='bbox 560 2095 703 2163; x_wconf 88' lang='lat' dir='ltr'><strong>Diligebat</strong></span> <span class='ocrx_word' id='word_1_147' title='bbox 714 2114 742 2165; x_wconf 77' lang='lat' dir='ltr'><strong>qr</strong></span> 
     </span>
     <span class='ocr_line' id='line_1_27' title="bbox 84 2169 742 2240; baseline -0.002 -16"><span class='ocrx_word' id='word_1_148' title='bbox 84 2187 137 2240; x_wconf 84' lang='lat' dir='ltr'><strong>que</strong></span> <span class='ocrx_word' id='word_1_149' title='bbox 147 2171 231 2235; x_wconf 89' lang='lat' dir='ltr'><strong>adeo,</strong></span> <span class='ocrx_word' id='word_1_150' title='bbox 251 2175 283 2222; x_wconf 88' lang='lat' dir='ltr'><strong>ut</strong></span> <span class='ocrx_word' id='word_1_151' title='bbox 297 2169 393 2221; x_wconf 89' lang='lat' dir='ltr'><strong>audita</strong></span> <span class='ocrx_word' id='word_1_152' title='bbox 408 2169 486 2221; x_wconf 85' lang='lat' dir='ltr'><strong>elada</strong></span> <span class='ocrx_word' id='word_1_153' title='bbox 500 2171 649 2222; x_wconf 82' lang='lat' dir='ltr'><strong>Tituriana</strong></span> <span class='ocrx_word' id='word_1_154' title='bbox 662 2173 742 2223; x_wconf 66' lang='lat' dir='ltr'><strong>barbe</strong></span> 
     </span>
     <span class='ocr_line' id='line_1_28' title="bbox 83 2244 742 2314; baseline -0.002 -15"><span class='ocrx_word' id='word_1_155' title='bbox 83 2248 193 2314; x_wconf 85' lang='lat' dir='ltr'><strong>lamque</strong></span> <span class='ocrx_word' id='word_1_156' title='bbox 204 2244 377 2308; x_wconf 78' lang='lat' dir='ltr'><strong>summiserit,</strong></span> <span class='ocrx_word' id='word_1_157' title='bbox 388 2260 439 2296; x_wconf 89' lang='lat' dir='ltr'><strong>nec</strong></span> <span class='ocrx_word' id='word_1_158' title='bbox 449 2251 512 2298; x_wconf 89' lang='lat' dir='ltr'><strong>ante</strong></span> <span class='ocrx_word' id='word_1_159' title='bbox 523 2245 683 2313; x_wconf 83' lang='lat' dir='ltr'><strong>dempserit,</strong></span> <span class='ocrx_word' id='word_1_160' title='bbox 695 2264 742 2313; x_wconf 74' lang='lat' dir='ltr'><strong>que</strong></span> 
     </span>
     <span class='ocr_line' id='line_1_29' title="bbox 84 2320 737 2382; baseline -0.002 -8"><span class='ocrx_word' id='word_1_161' title='bbox 84 2327 182 2374; x_wconf 82' lang='lat' dir='ltr'><strong>cassat.</strong></span> <span class='ocrx_word' id='word_1_162' title='bbox 196 2346 200 2353; x_wconf 95' lang='lat'>·</span> <span class='ocrx_word' id='word_1_163' title='bbox 222 2320 328 2382; x_wconf 78' lang='lat' dir='ltr'><strong>Quibus</strong></span> <span class='ocrx_word' id='word_1_164' title='bbox 340 2320 422 2372; x_wconf 87' lang='lat' dir='ltr'><strong>rebus</strong></span> <span class='ocrx_word' id='word_1_165' title='bbox 436 2325 464 2372; x_wconf 92' lang='lat' dir='ltr'><strong>et</strong></span> <span class='ocrx_word' id='word_1_166' title='bbox 478 2320 671 2373; x_wconf 86' lang='lat' dir='ltr'><strong>devotissimos</strong></span> <span class='ocrx_word' id='word_1_167' title='bbox 681 2324 737 2374; x_wconf 90' lang='lat' dir='ltr'><strong>sibi</strong></span> 
     </span>
     <span class='ocr_line' id='line_1_30' title="bbox 84 2395 312 2451; baseline -0.018 -2"><span class='ocrx_word' id='word_1_168' title='bbox 84 2398 172 2451; x_wconf 85' lang='lat' dir='ltr'><strong>simos</strong></span> <span class='ocrx_word' id='word_1_169' title='bbox 181 2395 312 2448; x_wconf 88' lang='lat' dir='ltr'><strong>reddidit.</strong></span> 
     </span>
    </p>

    <p class='ocr_par' dir='ltr' id='par_1_5' title="bbox 81 2468 742 2766">
     <span class='ocr_line' id='line_1_31' title="bbox 140 2468 742 2536; baseline -0.002 -12"><span class='ocrx_word' id='word_1_170' title='bbox 140 2469 264 2524; x_wconf 79' lang='lat' dir='ltr'><strong>vaffl.</strong></span> <span class='ocrx_word' id='word_1_171' title='bbox 284 2468 411 2536; x_wconf 86' lang='lat' dir='ltr'><strong>Ingresso</strong></span> <span class='ocrx_word' id='word_1_172' title='bbox 425 2469 506 2522; x_wconf 84' lang='lat' dir='ltr'><strong>civile</strong></span> <span class='ocrx_word' id='word_1_173' title='bbox 520 2468 622 2522; x_wconf 84' lang='lat' dir='ltr'><strong>bellum</strong></span> <span class='ocrx_word' id='word_1_174' title='bbox 638 2473 742 2523; x_wconf 77' lang='lat' dir='ltr'><strong>cononi</strong></span> 
     </span>
     <span class='ocr_line' id='line_1_32' title="bbox 83 2543 742 2615; baseline 0.003 -18"><span class='ocrx_word' id='word_1_175' title='bbox 83 2548 182 2615; x_wconf 73' lang='lat' dir='ltr'><strong>irasque</strong></span> <span class='ocrx_word' id='word_1_176' title='bbox 195 2544 314 2613; x_wconf 76' lang='lat' dir='ltr'><strong>legionis</strong></span> <span class='ocrx_word' id='word_1_177' title='bbox 327 2543 452 2611; x_wconf 85' lang='lat' dir='ltr'><strong>singulos</strong></span> <span class='ocrx_word' id='word_1_178' title='bbox 465 2545 572 2613; x_wconf 82' lang='lat' dir='ltr'><strong>equites</strong></span> <span class='ocrx_word' id='word_1_179' title='bbox 585 2562 601 2596; x_wconf 88' lang='lat' dir='ltr'><strong>e</strong></span> <span class='ocrx_word' id='word_1_180' title='bbox 615 2546 718 2598; x_wconf 83' lang='lat' dir='ltr'><strong>viatico</strong></span> <span class='ocrx_word' id='word_1_181' title='bbox 735 2564 742 2599; x_wconf 85' lang='lat' dir='ltr'><strong>s</strong></span> 
     </span>
     <span class='ocr_line' id='line_1_33' title="bbox 83 2619 742 2687; baseline 0.002 -15"><span class='ocrx_word' id='word_1_182' title='bbox 83 2621 186 2673; x_wconf 80' lang='lat' dir='ltr'><strong>lerunts</strong></span> <span class='ocrx_word' id='word_1_183' title='bbox 208 2619 331 2673; x_wconf 72' lang='lat' dir='ltr'><strong>miserm</strong></span> <span class='ocrx_word' id='word_1_184' title='bbox 343 2620 445 2673; x_wconf 86' lang='lat' dir='ltr'><strong>milites</strong></span> <span class='ocrx_word' id='word_1_185' title='bbox 458 2620 607 2687; x_wconf 80' lang='lat' dir='ltr'><strong>gratuitam</strong></span> <span class='ocrx_word' id='word_1_186' title='bbox 622 2627 650 2673; x_wconf 90' lang='lat' dir='ltr'><strong>et</strong></span> <span class='ocrx_word' id='word_1_187' title='bbox 664 2623 723 2673; x_wconf 90' lang='lat' dir='ltr'><strong>sine</strong></span> <span class='ocrx_word' id='word_1_188' title='bbox 737 2629 742 2672; x_wconf 84' lang='lat' dir='ltr'><strong>l</strong></span> 
     </span>
     <span class='ocr_line' id='line_1_34' title="bbox 81 2695 742 2766; baseline 0.006 -21"><span class='ocrx_word' id='word_1_189' title='bbox 81 2695 278 2764; x_wconf 70' lang='lat' dir='ltr'><strong>supendioque</strong></span> <span class='ocrx_word' id='word_1_190' title='bbox 287 2709 497 2766; x_wconf 74' lang='lat' dir='ltr'><strong>operumquum</strong></span> <span class='ocrx_word' id='word_1_191' title='bbox 506 2695 664 2751; x_wconf 86' lang='lat' dir='ltr'><strong>tenuiorum</strong></span> <span class='ocrx_word' id='word_1_192' title='bbox 674 2697 742 2751; x_wconf 78' lang='lat' dir='ltr'><strong>mtel</strong></span> 
     </span>
    </p>
   </div>
   <div class='ocr_carea' id='block_1_3' title="bbox 0 0 917 3068">
    <p class='ocr_par' dir='ltr' id='par_1_6' title="bbox 0 0 917 3068">
     <span class='ocr_line' id='line_1_35' title="bbox 0 0 917 3068; baseline 0 0"><span class='ocrx_word' id='word_1_193' title='bbox 0 0 917 3068; x_wconf 95' lang='lat' dir='ltr'><strong> </strong></span> 
     </span>
    </p>
   </div>
  </div>
 </body>
</html>
