1874 3060
109 202 159 255 258
394 207 422 252 G.
440 204 632 254 SUETONH

110 327 165 382 Sed
183 326 285 396 partim
304 327 563 396 tergiversantibus,
582 327 685 394 partim
705 331 801 396 aperte
820 327 901 380 detre-

110 402 259 468 ctantibus,
268 416 325 454 uno
335 416 401 454 vero
413 402 497 454 etiam
506 401 709 470 proclamante:

262 474 349 542 Usque
358 476 457 528 adeam
466 475 536 528 mosi
543 474 667 527 nurerum
678 475 733 528 est!

107 550 187 603 uaria
201 550 330 619 agitavit3
350 547 504 603 Parthosne
519 565 555 601 an
569 548 687 601 Galbam
702 548 821 618 supplex
833 554 900 618 pett-

107 631 162 690 ret,
178 640 215 676 an
225 630 332 677 atratus
342 623 668 693 prodiretinpublicum,
688 639 798 692 proque
807 624 900 676 rostris

108 705 212 768 quanta
226 704 321 767 posset
333 699 455 751 maxima
468 699 646 750 miseratione
654 697 764 751 veniam
775 698 901 765 praeterl-

107 780 200 826 torum
210 779 381 841 precaretur,
398 788 445 838 ac,
459 773 490 824 ni
498 772 621 825 flexisset
630 773 752 837 animos,
762 771 807 827 rel
818 773 900 840 Aegy-

107 848 150 917 pti
163 845 364 916 praefecturam
379 847 494 899 concedi
508 847 563 898 sibi
582 853 683 900 oraret.
720 847 852 900 inventus
866 852 902 899 tsi

107 928 206 991 postea
214 921 245 973 in
254 921 358 973 scrinio
369 922 428 973 eius
438 920 491 973 hac
501 921 535 973 de
544 936 575 973 re
584 937 675 973 sermo
686 920 840 974 formatus:
858 920 902 973 sed

109 995 269 1048 deterritum
279 1001 390 1064 putant,
400 1012 435 1047 ne
445 996 535 1062 prins,
547 1010 630 1065 quam
639 996 670 1047 in
679 994 773 1048 lorum
783 996 902 1064 perveni

107 1075 158 1135 ret,
170 1069 379 1137 discerperetur.
409 1070 456 1122 Slc
465 1071 673 1138 cogitationem
682 1076 826 1137 posterum
836 1070 903 1122 dien

109 1143 210 1208 dilata,
231 1144 267 1196 ad
277 1144 396 1195 mediam
405 1143 462 1196 fere
473 1150 581 1196 noctem
592 1145 742 1209 excitatus,
756 1151 791 1197 ut
801 1159 903 1213 coulpe·

108 1219 158 1283 rit,
179 1218 328 1271 stationem
337 1218 457 1269 militum
466 1220 626 1285 recessisse,
645 1219 780 1287 prosiluit
793 1234 811 1271 a
826 1218 904 1282 lecto,

107 1293 238 1361 misitque
249 1292 353 1344 murm
364 1293 479 1345 amicos.
517 1293 554 1345 Et
568 1294 634 1362 quia
647 1292 719 1345 nihil
732 1308 749 1345 a
768 1308 904 1364 quoquam

107 1365 335 1431 renuntiabatur,
349 1367 409 1434 lpse
425 1383 486 1418 cum
495 1369 593 1435 paucis
602 1366 726 1437 hospitia
736 1368 905 1436 singulorum

109 1440 189 1493 adiit.
226 1438 329 1492 Verum
341 1441 444 1493 clausis
456 1443 577 1494 omnium
587 1441 708 1507 foribus,
725 1442 906 1512 respondente

108 1514 200 1579 nullo,
210 1514 240 1566 in
251 1515 407 1567 cubiculum
417 1516 513 1581 rediit,
526 1516 600 1569 unde
610 1517 667 1568 iam
677 1523 706 1568 et
716 1517 848 1569 custodes
857 1514 906 1567 dii·

110 1588 250 1658 fugcrant,
271 1589 387 1659 direptis
398 1591 482 1642 etiam
492 1591 638 1659 suspulis,
660 1598 755 1642 amota
769 1589 907 1659 etpyxide

109 1664 216 1716 veneni
244 1664 285 1717 Ac
293 1665 388 1716 statim
398 1664 540 1733 Spiculum
549 1665 752 1730 mirmillonem,
763 1664 809 1718 vel
818 1680 908 1733 quem-

110 1737 274 1790 libetaiium
285 1753 486 1806 percussorem,
503 1739 581 1791 cuius
591 1754 674 1791 manu
683 1740 800 1806 periret,
820 1739 908 1807 requi·

111 1813 185 1864 sivit.
223 1811 260 1863 ut
268 1813 376 1866 nomme
386 1819 506 1880 reperto,
517 1812 595 1883 Ergo
605 1829 664 1883 ego,
674 1813 775 1881 inquit,
786 1830 836 1866 aec
846 1811 908 1864 asti

111 1901 171 1937 eum
181 1884 278 1949 babeo,
293 1903 341 1939 see
354 1886 507 1940 iniuriam
529 1888 722 1955 procurritque
737 1888 821 1957 quasi
833 1902 909 1957 prae·

113 1960 277 2028 cipitaturus
287 1975 317 2012 se
325 1961 356 2011 in
367 1961 499 2012 Tiberim.

167 2031 293 2084 XLVlll.
314 2033 369 2086 Sed
378 2040 509 2087 revocato
520 2051 615 2091 rursus
624 2037 739 2104 impetu,
751 2034 861 2102 aliquid
871 2050 908 2085 se·

112 2107 239 2158 cretioris
252 2107 375 2161 latebrae
389 2110 425 2161 ad
440 2110 624 2178 colligendum
639 2111 760 2161 animum
772 2108 909 2161 desidera·

111 2181 164 2233 vit:
185 2187 213 2234 et
223 2180 355 2235 offerente
364 2182 490 2237 Phaonte
504 2185 604 2237 liberto
618 2184 808 2236 suburbanum
822 2198 908 2244 snum,

111 2258 184 2308 inter
194 2255 333 2310 Salariam
347 2263 375 2310 et
388 2258 589 2312 Nomentanam
603 2259 677 2310 viam
692 2259 768 2310 circa
783 2264 910 2324 quarmm

113 2331 288 2397 milliarium,
301 2338 334 2384 ut
343 2338 403 2385 erat
412 2335 487 2387 nudo
498 2333 568 2403 pede
579 2340 661 2401 atquo
671 2333 828 2396 tunicatus,
849 2346 909 2400 pac·

114 2405 208 2459 nulam
219 2406 339 2459 obsoleti
351 2408 454 2460 coloris
465 2408 650 2475 superinduit:
665 2406 859 2474 adopertoque
869 2419 909 2457 ca·

113 2480 183 2548 pite,
204 2487 305 2533 etanta
314 2480 414 2534 faciem
431 2484 543 2535 obtento
559 2482 686 2545 sudario,
707 2496 809 2550 equum
820 2494 910 2532 asoem

114 2555 164 2619 dit,
176 2562 296 2624 quatuor
306 2557 375 2609 solis
385 2557 594 2622 comitantibus,
604 2557 677 2608 inter
687 2571 758 2624 qnos
769 2562 798 2608 et
807 2555 910 2623 Sporus

114 2636 183 2681 erat.
223 2631 377 2700 Statimque
390 2637 510 2684 memore
520 2636 611 2685 terrae
629 2636 657 2683 et
670 2630 781 2698 fulgure
796 2630 910 2682 adverso

98 2703 283 2776 pavefactus,
300 2706 392 2762 audiit
407 2720 439 2762 ex
449 2706 584 2783 proximis
594 2706 693 2762 castris
703 2700 909 2761 clamoren-t

35 2790 67 2884 t
