<?xml version="1.0" encoding="UTF-8"?>
<!DOCTYPE html PUBLIC "-//W3C//DTD XHTML 1.0 Transitional//EN"
    "http://www.w3.org/TR/xhtml1/DTD/xhtml1-transitional.dtd">
<html xmlns="http://www.w3.org/1999/xhtml" xml:lang="en" lang="en">
 <head>
  <title>
</title>
<meta http-equiv="Content-Type" content="text/html;charset=utf-8" />
  <meta name='ocr-system' content='tesseract 3.04.00' />
  <meta name='ocr-capabilities' content='ocr_page ocr_carea ocr_par ocr_line ocrx_word'/>
</head>
<body>
  <div class='ocr_page' id='page_1' title='image "./csuetoniitranqu00trangoog_0192.png"; bbox 0 0 1874 3060; ppageno 0'>
   <div class='ocr_carea' id='block_1_1' title="bbox 214 175 837 231">
    <p class='ocr_par' dir='ltr' id='par_1_1' title="bbox 214 175 837 231">
     <span class='ocr_line' id='line_1_1' title="bbox 214 175 837 231; baseline 0.013 -8"><span class='ocrx_word' id='word_1_1' title='bbox 214 175 420 224; x_wconf 72' lang='lat' dir='ltr'><strong>CALIGULA.</strong></span> <span class='ocrx_word' id='word_1_2' title='bbox 453 177 532 226; x_wconf 74' lang='lat' dir='ltr'><strong>GAl&#39;·</strong></span> <span class='ocrx_word' id='word_1_3' title='bbox 551 179 666 228; x_wconf 72' lang='lat' dir='ltr'><strong>ta-at.</strong></span> <span class='ocrx_word' id='word_1_4' title='bbox 786 177 837 231; x_wconf 69' lang='lat'><strong>170</strong></span> 
     </span>
    </p>
   </div>
   <div class='ocr_carea' id='block_1_2' title="bbox 29 298 892 2758">
    <p class='ocr_par' dir='ltr' id='par_1_2' title="bbox 29 298 835 1339">
     <span class='ocr_line' id='line_1_2' title="bbox 40 298 835 374; baseline 0.009 -24"><span class='ocrx_word' id='word_1_5' title='bbox 40 299 140 368; x_wconf 86' lang='lat' dir='ltr'><strong>bisque</strong></span> <span class='ocrx_word' id='word_1_6' title='bbox 148 298 282 352; x_wconf 78' lang='lat' dir='ltr'><strong>victorem</strong></span> <span class='ocrx_word' id='word_1_7' title='bbox 293 301 446 368; x_wconf 70' lang='lat' dir='ltr'><strong>eoum-lugi</strong></span> <span class='ocrx_word' id='word_1_8' title='bbox 456 301 515 353; x_wconf 88' lang='lat' dir='ltr'><strong>sine</strong></span> <span class='ocrx_word' id='word_1_9' title='bbox 524 301 708 368; x_wconf 68' lang='lat' dir='ltr'><strong>meminent,</strong></span> <span class='ocrx_word' id='word_1_10' title='bbox 728 312 757 356; x_wconf 88' lang='lat' dir='ltr'><strong>et</strong></span> <span class='ocrx_word' id='word_1_11' title='bbox 768 320 835 374; x_wconf 75' lang='lat' dir='ltr'><strong>pau·</strong></span> 
     </span>
     <span class='ocr_line' id='line_1_3' title="bbox 38 374 835 440; baseline 0.009 -16"><span class='ocrx_word' id='word_1_12' title='bbox 38 375 82 425; x_wconf 82' lang='lat' dir='ltr'><strong>nis</strong></span> <span class='ocrx_word' id='word_1_13' title='bbox 93 374 215 425; x_wconf 87' lang='lat' dir='ltr'><strong>obsitum</strong></span> <span class='ocrx_word' id='word_1_14' title='bbox 224 375 337 426; x_wconf 74' lang='lat' dir='ltr'><strong>vicatim</strong></span> <span class='ocrx_word' id='word_1_15' title='bbox 348 375 524 440; x_wconf 69' lang='lat' dir='ltr'><strong>drmmduei,</strong></span> <span class='ocrx_word' id='word_1_16' title='bbox 531 391 564 428; x_wconf 81' lang='lat' dir='ltr'><strong>ae</strong></span> <span class='ocrx_word' id='word_1_17' title='bbox 572 377 734 431; x_wconf 81' lang='lat' dir='ltr'><strong>mulieribus</strong></span> <span class='ocrx_word' id='word_1_18' title='bbox 745 386 835 432; x_wconf 75' lang='lat' dir='ltr'><strong>osten</strong></span> 
     </span>
     <span class='ocr_line' id='line_1_4' title="bbox 38 448 835 520; baseline 0.01 -21"><span class='ocrx_word' id='word_1_19' title='bbox 38 450 80 513; x_wconf 86' lang='lat' dir='ltr'><strong>dl,</strong></span> <span class='ocrx_word' id='word_1_20' title='bbox 101 448 201 500; x_wconf 88' lang='lat' dir='ltr'><strong>deinde</strong></span> <span class='ocrx_word' id='word_1_21' title='bbox 215 448 346 517; x_wconf 79' lang='lat' dir='ltr'><strong>iugulari.</strong></span> <span class='ocrx_word' id='word_1_22' title='bbox 383 450 482 501; x_wconf 90' lang='lat' dir='ltr'><strong>Nullus</strong></span> <span class='ocrx_word' id='word_1_23' title='bbox 497 450 614 520; x_wconf 87' lang='lat' dir='ltr'><strong>denique</strong></span> <span class='ocrx_word' id='word_1_24' title='bbox 632 457 690 502; x_wconf 76' lang='lat' dir='ltr'><strong>tem</strong></span> <span class='ocrx_word' id='word_1_25' title='bbox 711 452 835 506; x_wconf 73' lang='lat' dir='ltr'><strong>abiectus</strong></span> 
     </span>
     <span class='ocr_line' id='line_1_5' title="bbox 37 523 833 591; baseline 0.005 -16"><span class='ocrx_word' id='word_1_26' title='bbox 37 523 220 588; x_wconf 86' lang='lat' dir='ltr'><strong>conditionis,</strong></span> <span class='ocrx_word' id='word_1_27' title='bbox 239 530 351 591; x_wconf 86' lang='lat' dir='ltr'><strong>tumque</strong></span> <span class='ocrx_word' id='word_1_28' title='bbox 362 531 499 576; x_wconf 79' lang='lat' dir='ltr'><strong>extremae</strong></span> <span class='ocrx_word' id='word_1_29' title='bbox 509 527 594 577; x_wconf 86' lang='lat' dir='ltr'><strong>sortis</strong></span> <span class='ocrx_word' id='word_1_30' title='bbox 602 524 668 589; x_wconf 74' lang='lat' dir='ltr'><strong>bnt,</strong></span> <span class='ocrx_word' id='word_1_31' title='bbox 690 525 833 580; x_wconf 78' lang='lat' dir='ltr'><strong>esdusnon</strong></span> 
     </span>
     <span class='ocr_line' id='line_1_6' title="bbox 38 597 833 667; baseline 0.005 -19"><span class='ocrx_word' id='word_1_32' title='bbox 38 597 192 649; x_wconf 81' lang='lat' dir='ltr'><strong>commodis</strong></span> <span class='ocrx_word' id='word_1_33' title='bbox 202 599 377 650; x_wconf 79' lang='lat' dir='ltr'><strong>obtrectaret.</strong></span> <span class='ocrx_word' id='word_1_34' title='bbox 415 598 577 651; x_wconf 86' lang='lat' dir='ltr'><strong>Nemorensi</strong></span> <span class='ocrx_word' id='word_1_35' title='bbox 586 601 659 667; x_wconf 75' lang='lat' dir='ltr'><strong>regi,</strong></span> <span class='ocrx_word' id='word_1_36' title='bbox 680 601 754 667; x_wconf 86' lang='lat' dir='ltr'><strong>quod</strong></span> <span class='ocrx_word' id='word_1_37' title='bbox 764 601 833 652; x_wconf 83' lang='lat' dir='ltr'><strong>mul·</strong></span> 
     </span>
     <span class='ocr_line' id='line_1_7' title="bbox 36 671 832 740; baseline 0.006 -18"><span class='ocrx_word' id='word_1_38' title='bbox 36 679 83 723; x_wconf 84' lang='lat' dir='ltr'><strong>tos</strong></span> <span class='ocrx_word' id='word_1_39' title='bbox 92 672 149 722; x_wconf 81' lang='lat' dir='ltr'><strong>iam</strong></span> <span class='ocrx_word' id='word_1_40' title='bbox 160 687 247 724; x_wconf 86' lang='lat' dir='ltr'><strong>anuos</strong></span> <span class='ocrx_word' id='word_1_41' title='bbox 262 673 399 740; x_wconf 85' lang='lat' dir='ltr'><strong>potiretur</strong></span> <span class='ocrx_word' id='word_1_42' title='bbox 412 673 583 737; x_wconf 80' lang='lat' dir='ltr'><strong>sacerdotio,</strong></span> <span class='ocrx_word' id='word_1_43' title='bbox 603 671 768 727; x_wconf 87' lang='lat' dir='ltr'><strong>validiorem</strong></span> <span class='ocrx_word' id='word_1_44' title='bbox 783 676 832 727; x_wconf 81' lang='lat' dir='ltr'><strong>ad-</strong></span> 
     </span>
     <span class='ocr_line' id='line_1_8' title="bbox 35 746 832 816; baseline 0.006 -18"><span class='ocrx_word' id='word_1_45' title='bbox 35 747 189 799; x_wconf 76' lang='lat' dir='ltr'><strong>versarium</strong></span> <span class='ocrx_word' id='word_1_46' title='bbox 204 748 374 798; x_wconf 81' lang='lat' dir='ltr'><strong>subornavit</strong></span> <span class='ocrx_word' id='word_1_47' title='bbox 415 748 503 808; x_wconf 74' lang='lat' dir='ltr'><strong>Quum</strong></span> <span class='ocrx_word' id='word_1_48' title='bbox 519 749 640 816; x_wconf 86' lang='lat' dir='ltr'><strong>quodam</strong></span> <span class='ocrx_word' id='word_1_49' title='bbox 654 746 832 803; x_wconf 81' lang='lat' dir='ltr'><strong>die&#39;muneris</strong></span> 
     </span>
     <span class='ocr_line' id='line_1_9' title="bbox 36 819 832 891; baseline 0.006 -19"><span class='ocrx_word' id='word_1_50' title='bbox 36 819 279 886; x_wconf 82' lang='lat' dir='ltr'><strong>essedauloPorio,</strong></span> <span class='ocrx_word' id='word_1_51' title='bbox 288 822 324 874; x_wconf 88' lang='lat' dir='ltr'><strong>ob</strong></span> <span class='ocrx_word' id='word_1_52' title='bbox 335 836 495 891; x_wconf 80' lang='lat' dir='ltr'>prosperam</span> <span class='ocrx_word' id='word_1_53' title='bbox 505 836 625 890; x_wconf 77' lang='lat' dir='ltr'><strong>pugnam</strong></span> <span class='ocrx_word' id='word_1_54' title='bbox 634 838 742 875; x_wconf 82' lang='lat' dir='ltr'><strong>servum</strong></span> <span class='ocrx_word' id='word_1_55' title='bbox 752 838 832 877; x_wconf 73' lang='lat' dir='ltr'><strong>strum</strong></span> 
     </span>
     <span class='ocr_line' id='line_1_10' title="bbox 35 895 832 966; baseline 0.005 -20"><span class='ocrx_word' id='word_1_56' title='bbox 35 896 247 961; x_wconf 67' lang='lat' dir='ltr'><strong>manumittenti,</strong></span> <span class='ocrx_word' id='word_1_57' title='bbox 258 895 410 948; x_wconf 72' lang='lat' dir='ltr'><strong>studiosius</strong></span> <span class='ocrx_word' id='word_1_58' title='bbox 420 896 547 964; x_wconf 77' lang='lat' dir='ltr'><strong>plausum</strong></span> <span class='ocrx_word' id='word_1_59' title='bbox 557 903 641 962; x_wconf 88' lang='lat' dir='ltr'><strong>esset,</strong></span> <span class='ocrx_word' id='word_1_60' title='bbox 651 898 693 949; x_wconf 76' lang='lat' dir='ltr'><strong>lte</strong></span> <span class='ocrx_word' id='word_1_61' title='bbox 702 912 732 951; x_wconf 85' lang='lat' dir='ltr'><strong>se</strong></span> <span class='ocrx_word' id='word_1_62' title='bbox 741 899 832 966; x_wconf 86' lang='lat' dir='ltr'><strong>prori-</strong></span> 
     </span>
     <span class='ocr_line' id='line_1_11' title="bbox 33 970 831 1043; baseline 0.008 -22"><span class='ocrx_word' id='word_1_63' title='bbox 33 971 98 1038; x_wconf 87' lang='lat' dir='ltr'><strong>puit</strong></span> <span class='ocrx_word' id='word_1_64' title='bbox 106 985 122 1022; x_wconf 92' lang='lat' dir='ltr'><strong>e</strong></span> <span class='ocrx_word' id='word_1_65' title='bbox 131 971 306 1038; x_wconf 73' lang='lat' dir='ltr'><strong>spectaculis,</strong></span> <span class='ocrx_word' id='word_1_66' title='bbox 316 978 355 1036; x_wconf 87' lang='lat' dir='ltr'><strong>ut,</strong></span> <span class='ocrx_word' id='word_1_67' title='bbox 368 971 476 1022; x_wconf 78' lang='lat' dir='ltr'><strong>calcata</strong></span> <span class='ocrx_word' id='word_1_68' title='bbox 486 970 588 1022; x_wconf 80' lang='lat' dir='ltr'><strong>lucinia</strong></span> <span class='ocrx_word' id='word_1_69' title='bbox 596 979 689 1039; x_wconf 84' lang='lat' dir='ltr'><strong>togae,</strong></span> <span class='ocrx_word' id='word_1_70' title='bbox 699 987 831 1043; x_wconf 81' lang='lat' dir='ltr'><strong>praeceps</strong></span> 
     </span>
     <span class='ocr_line' id='line_1_12' title="bbox 34 1045 830 1113; baseline 0.008 -18"><span class='ocrx_word' id='word_1_71' title='bbox 34 1058 86 1112; x_wconf 90' lang='lat' dir='ltr'><strong>per</strong></span> <span class='ocrx_word' id='word_1_72' title='bbox 94 1046 198 1112; x_wconf 75' lang='lat' dir='ltr'><strong>gradus</strong></span> <span class='ocrx_word' id='word_1_73' title='bbox 206 1047 260 1098; x_wconf 87' lang='lat' dir='ltr'><strong>iret</strong></span> <span class='ocrx_word' id='word_1_74' title='bbox 268 1045 492 1113; x_wconf 83' lang='lat' dir='ltr'><strong>indignabundus</strong></span> <span class='ocrx_word' id='word_1_75' title='bbox 502 1052 529 1098; x_wconf 93' lang='lat' dir='ltr'><strong>et</strong></span> <span class='ocrx_word' id='word_1_76' title='bbox 537 1046 692 1112; x_wconf 85' lang='lat' dir='ltr'><strong>clamitans,</strong></span> <span class='ocrx_word' id='word_1_77' title='bbox 698 1048 830 1100; x_wconf 68' lang='lat' dir='ltr'><strong>denium</strong></span> 
     </span>
     <span class='ocr_line' id='line_1_13' title="bbox 32 1119 830 1191; baseline 0.005 -21"><span class='ocrx_word' id='word_1_78' title='bbox 32 1119 155 1187; x_wconf 70' lang='lat' dir='ltr'><strong>gentiam</strong></span> <span class='ocrx_word' id='word_1_79' title='bbox 164 1122 289 1188; x_wconf 76' lang='lat' dir='ltr'><strong>populum</strong></span> <span class='ocrx_word' id='word_1_80' title='bbox 304 1137 336 1172; x_wconf 79' lang='lat' dir='ltr'><strong>ea</strong></span> <span class='ocrx_word' id='word_1_81' title='bbox 349 1137 379 1171; x_wconf 85' lang='lat' dir='ltr'><strong>re</strong></span> <span class='ocrx_word' id='word_1_82' title='bbox 392 1119 520 1172; x_wconf 71' lang='lat' dir='ltr'><strong>levissime</strong></span> <span class='ocrx_word' id='word_1_83' title='bbox 530 1122 590 1188; x_wconf 79' lang='lat' dir='ltr'><strong>plus</strong></span> <span class='ocrx_word' id='word_1_84' title='bbox 604 1119 712 1173; x_wconf 74' lang='lat' dir='ltr'><strong>dormis</strong></span> <span class='ocrx_word' id='word_1_85' title='bbox 723 1121 830 1191; x_wconf 72' lang='lat' dir='ltr'><strong>gladia-</strong></span> 
     </span>
     <span class='ocr_line' id='line_1_14' title="bbox 34 1193 832 1264; baseline 0.006 -20"><span class='ocrx_word' id='word_1_86' title='bbox 34 1193 91 1244; x_wconf 78' lang='lat' dir='ltr'><strong>ten·</strong></span> <span class='ocrx_word' id='word_1_87' title='bbox 107 1193 277 1258; x_wconf 73' lang='lat' dir='ltr'><strong>tribuentem,</strong></span> <span class='ocrx_word' id='word_1_88' title='bbox 303 1210 382 1262; x_wconf 76' lang='lat' dir='ltr'><strong>quam</strong></span> <span class='ocrx_word' id='word_1_89' title='bbox 401 1195 559 1248; x_wconf 78' lang='lat' dir='ltr'><strong>consecretis</strong></span> <span class='ocrx_word' id='word_1_90' title='bbox 581 1195 756 1264; x_wconf 73' lang='lat' dir='ltr'><strong>principibus,</strong></span> <span class='ocrx_word' id='word_1_91' title='bbox 781 1206 832 1249; x_wconf 81' lang='lat' dir='ltr'><strong>aut</strong></span> 
     </span>
     <span class='ocr_line' id='line_1_15' title="bbox 29 1268 234 1339; baseline 0.005 -21"><span class='ocrx_word' id='word_1_92' title='bbox 29 1269 168 1339; x_wconf 76' lang='lat' dir='ltr'><strong>praesenti</strong></span> <span class='ocrx_word' id='word_1_93' title='bbox 176 1268 234 1321; x_wconf 76' lang='lat' dir='ltr'><strong>sibi</strong></span> 
     </span>
    </p>

    <p class='ocr_par' dir='ltr' id='par_1_3' title="bbox 31 1342 892 2681">
     <span class='ocr_line' id='line_1_16' title="bbox 88 1342 829 1414; baseline 0.007 -20"><span class='ocrx_word' id='word_1_94' title='bbox 88 1342 218 1395; x_wconf 83' lang='lat' dir='ltr'><strong>XXXVI.</strong></span> <span class='ocrx_word' id='word_1_95' title='bbox 228 1343 383 1396; x_wconf 69' lang='lat' dir='ltr'><strong>Pudicitiae</strong></span> <span class='ocrx_word' id='word_1_96' title='bbox 393 1359 480 1413; x_wconf 74' lang='lat' dir='ltr'><strong>neque</strong></span> <span class='ocrx_word' id='word_1_97' title='bbox 490 1358 558 1396; x_wconf 82' lang='lat' dir='ltr'><strong>snae</strong></span> <span class='ocrx_word' id='word_1_98' title='bbox 567 1360 656 1412; x_wconf 80' lang='lat' dir='ltr'><strong>neque</strong></span> <span class='ocrx_word' id='word_1_99' title='bbox 666 1345 773 1398; x_wconf 82' lang='lat' dir='ltr'><strong>alienae</strong></span> <span class='ocrx_word' id='word_1_100' title='bbox 783 1362 829 1414; x_wconf 87' lang='lat' dir='ltr'><strong>pe-</strong></span> 
     </span>
     <span class='ocr_line' id='line_1_17' title="bbox 32 1417 829 1488; baseline 0.006 -21"><span class='ocrx_word' id='word_1_101' title='bbox 32 1419 131 1485; x_wconf 88' lang='lat' dir='ltr'><strong>percit.</strong></span> <span class='ocrx_word' id='word_1_102' title='bbox 151 1417 190 1468; x_wconf 82' lang='grc' dir='ltr'><strong>Μ.</strong></span> <span class='ocrx_word' id='word_1_103' title='bbox 196 1417 342 1486; x_wconf 88' lang='lat' dir='ltr'><strong>Lepidum,</strong></span> <span class='ocrx_word' id='word_1_104' title='bbox 352 1419 516 1470; x_wconf 78' lang='lat' dir='ltr'><strong>Mnesterem</strong></span> <span class='ocrx_word' id='word_1_105' title='bbox 527 1421 736 1486; x_wconf 80' lang='lat' dir='ltr'><strong>pantomimum,</strong></span> <span class='ocrx_word' id='word_1_106' title='bbox 748 1435 829 1488; x_wconf 83' lang='lat' dir='ltr'><strong>qnos-</strong></span> 
     </span>
     <span class='ocr_line' id='line_1_18' title="bbox 33 1492 828 1562; baseline 0.005 -20"><span class='ocrx_word' id='word_1_107' title='bbox 33 1492 98 1542; x_wconf 75' lang='lat' dir='ltr'><strong>dam</strong></span> <span class='ocrx_word' id='word_1_108' title='bbox 109 1493 221 1544; x_wconf 83' lang='lat' dir='ltr'><strong>obsides</strong></span> <span class='ocrx_word' id='word_1_109' title='bbox 231 1495 360 1546; x_wconf 81' lang='lat' dir='ltr'><strong>dilexisse</strong></span> <span class='ocrx_word' id='word_1_110' title='bbox 370 1493 457 1545; x_wconf 81' lang='lat' dir='ltr'><strong>fertur</strong></span> <span class='ocrx_word' id='word_1_111' title='bbox 468 1494 631 1544; x_wconf 84' lang='lat' dir='ltr'><strong>commercio</strong></span> <span class='ocrx_word' id='word_1_112' title='bbox 638 1495 726 1544; x_wconf 89' lang='lat' dir='ltr'><strong>mutui</strong></span> <span class='ocrx_word' id='word_1_113' title='bbox 731 1497 828 1562; x_wconf 87' lang='lat' dir='ltr'><strong>stupri.</strong></span> 
     </span>
     <span class='ocr_line' id='line_1_19' title="bbox 31 1565 829 1634; baseline 0.003 -17"><span class='ocrx_word' id='word_1_114' title='bbox 31 1565 162 1618; x_wconf 82' lang='lat' dir='ltr'><strong>Valerius</strong></span> <span class='ocrx_word' id='word_1_115' title='bbox 174 1568 311 1633; x_wconf 76' lang='lat' dir='ltr'><strong>catullus,</strong></span> <span class='ocrx_word' id='word_1_116' title='bbox 322 1568 463 1620; x_wconf 86' lang='lat' dir='ltr'><strong>consulari</strong></span> <span class='ocrx_word' id='word_1_117' title='bbox 472 1566 582 1617; x_wconf 84' lang='lat' dir='ltr'><strong>iamllia</strong></span> <span class='ocrx_word' id='word_1_118' title='bbox 590 1567 712 1630; x_wconf 76' lang='lat' dir='ltr'><strong>invenis,</strong></span> <span class='ocrx_word' id='word_1_119' title='bbox 722 1575 829 1634; x_wconf 80' lang='lat' dir='ltr'><strong>stupra-</strong></span> 
     </span>
     <span class='ocr_line' id='line_1_20' title="bbox 32 1641 827 1706; baseline 0.003 -15"><span class='ocrx_word' id='word_1_120' title='bbox 32 1652 92 1692; x_wconf 84' lang='lat' dir='ltr'><strong>tum</strong></span> <span class='ocrx_word' id='word_1_121' title='bbox 112 1656 130 1692; x_wconf 80' lang='lat' dir='ltr'><strong>a</strong></span> <span class='ocrx_word' id='word_1_122' title='bbox 149 1658 191 1706; x_wconf 87' lang='lat' dir='ltr'><strong>se,</strong></span> <span class='ocrx_word' id='word_1_123' title='bbox 213 1658 246 1694; x_wconf 86' lang='lat' dir='ltr'><strong>ae</strong></span> <span class='ocrx_word' id='word_1_124' title='bbox 264 1644 353 1694; x_wconf 85' lang='lat' dir='ltr'><strong>latera</strong></span> <span class='ocrx_word' id='word_1_125' title='bbox 373 1643 427 1695; x_wconf 88' lang='lat' dir='ltr'><strong>sibl</strong></span> <span class='ocrx_word' id='word_1_126' title='bbox 442 1641 622 1693; x_wconf 89' lang='lat' dir='ltr'><strong>contubernio</strong></span> <span class='ocrx_word' id='word_1_127' title='bbox 638 1642 699 1693; x_wconf 86' lang='lat' dir='ltr'><strong>eius</strong></span> <span class='ocrx_word' id='word_1_128' title='bbox 711 1641 827 1705; x_wconf 75' lang='lat' dir='ltr'><strong>delesse,</strong></span> 
     </span>
     <span class='ocr_line' id='line_1_21' title="bbox 34 1716 830 1784; baseline 0 -17"><span class='ocrx_word' id='word_1_129' title='bbox 34 1717 118 1768; x_wconf 85' lang='lat' dir='ltr'><strong>etiam</strong></span> <span class='ocrx_word' id='word_1_130' title='bbox 138 1716 309 1769; x_wconf 72' lang='lat' dir='ltr'><strong>vociferatus</strong></span> <span class='ocrx_word' id='word_1_131' title='bbox 326 1723 376 1769; x_wconf 90' lang='lat' dir='ltr'><strong>est.</strong></span> <span class='ocrx_word' id='word_1_132' title='bbox 416 1717 505 1784; x_wconf 84' lang='lat' dir='ltr'><strong>Super</strong></span> <span class='ocrx_word' id='word_1_133' title='bbox 517 1730 645 1768; x_wconf 69' lang='lat' dir='ltr'><strong>morum</strong></span> <span class='ocrx_word' id='word_1_134' title='bbox 662 1716 780 1779; x_wconf 80' lang='lat' dir='ltr'><strong>incesta,</strong></span> <span class='ocrx_word' id='word_1_135' title='bbox 800 1725 830 1767; x_wconf 86' lang='lat' dir='ltr'><strong>et</strong></span> 
     </span>
     <span class='ocr_line' id='line_1_22' title="bbox 33 1790 828 1860; baseline -0.001 -18"><span class='ocrx_word' id='word_1_136' title='bbox 33 1791 209 1843; x_wconf 86' lang='lat' dir='ltr'><strong>notissimum</strong></span> <span class='ocrx_word' id='word_1_137' title='bbox 223 1793 387 1860; x_wconf 81' lang='lat' dir='ltr'><strong>prostitutae</strong></span> <span class='ocrx_word' id='word_1_138' title='bbox 397 1790 548 1859; x_wconf 83' lang='lat' dir='ltr'><strong>Pyrallidis</strong></span> <span class='ocrx_word' id='word_1_139' title='bbox 563 1805 700 1855; x_wconf 78' lang='lat' dir='ltr'><strong>amorem,</strong></span> <span class='ocrx_word' id='word_1_140' title='bbox 718 1805 774 1842; x_wconf 85' lang='lat' dir='ltr'><strong>nou</strong></span> <span class='ocrx_word' id='word_1_141' title='bbox 788 1796 828 1842; x_wconf 91' lang='lat' dir='ltr'><strong>te-</strong></span> 
     </span>
     <span class='ocr_line' id='line_1_23' title="bbox 32 1865 827 1933; baseline 0.001 -17"><span class='ocrx_word' id='word_1_142' title='bbox 32 1867 175 1918; x_wconf 83' lang='lat' dir='ltr'><strong>mereulla</strong></span> <span class='ocrx_word' id='word_1_143' title='bbox 184 1866 336 1918; x_wconf 85' lang='lat' dir='ltr'><strong>illustriore</strong></span> <span class='ocrx_word' id='word_1_144' title='bbox 345 1865 448 1918; x_wconf 84' lang='lat' dir='ltr'><strong>femina</strong></span> <span class='ocrx_word' id='word_1_145' title='bbox 462 1866 608 1917; x_wconf 82' lang='lat' dir='ltr'><strong>abstinuit:</strong></span> <span class='ocrx_word' id='word_1_146' title='bbox 629 1879 697 1933; x_wconf 86' lang='lat' dir='ltr'><strong>quas</strong></span> <span class='ocrx_word' id='word_1_147' title='bbox 710 1865 827 1932; x_wconf 85' lang='lat' dir='ltr'><strong>plerum·</strong></span> 
     </span>
     <span class='ocr_line' id='line_1_24' title="bbox 34 1941 826 2009; baseline 0 -17"><span class='ocrx_word' id='word_1_148' title='bbox 34 1956 88 2007; x_wconf 83' lang='lat' dir='ltr'><strong>que</strong></span> <span class='ocrx_word' id='word_1_149' title='bbox 97 1956 158 1992; x_wconf 86' lang='lat' dir='ltr'><strong>eum</strong></span> <span class='ocrx_word' id='word_1_150' title='bbox 170 1942 278 1992; x_wconf 88' lang='lat' dir='ltr'><strong>maritis</strong></span> <span class='ocrx_word' id='word_1_151' title='bbox 288 1941 324 1992; x_wconf 88' lang='lat' dir='ltr'><strong>ad</strong></span> <span class='ocrx_word' id='word_1_152' title='bbox 334 1957 448 1993; x_wconf 85' lang='lat' dir='ltr'><strong>coenam</strong></span> <span class='ocrx_word' id='word_1_153' title='bbox 457 1946 587 2006; x_wconf 79' lang='lat' dir='ltr'><strong>vocatas,</strong></span> <span class='ocrx_word' id='word_1_154' title='bbox 605 1947 768 2009; x_wconf 77' lang='lat' dir='ltr'><strong>praeterque</strong></span> <span class='ocrx_word' id='word_1_155' title='bbox 781 1956 826 2008; x_wconf 90' lang='lat' dir='ltr'><strong>pe-</strong></span> 
     </span>
     <span class='ocr_line' id='line_1_25' title="bbox 33 2014 826 2082; baseline 0.003 -17"><span class='ocrx_word' id='word_1_156' title='bbox 33 2014 84 2066; x_wconf 90' lang='lat' dir='ltr'><strong>des</strong></span> <span class='ocrx_word' id='word_1_157' title='bbox 93 2031 161 2067; x_wconf 91' lang='lat' dir='ltr'><strong>suos</strong></span> <span class='ocrx_word' id='word_1_158' title='bbox 170 2022 356 2080; x_wconf 68' lang='lat' dir='ltr'><strong>transeuntes,</strong></span> <span class='ocrx_word' id='word_1_159' title='bbox 367 2016 512 2082; x_wconf 84' lang='lat' dir='ltr'><strong>diligenter</strong></span> <span class='ocrx_word' id='word_1_160' title='bbox 523 2031 556 2067; x_wconf 84' lang='lat' dir='ltr'><strong>ac</strong></span> <span class='ocrx_word' id='word_1_161' title='bbox 565 2017 637 2067; x_wconf 91' lang='lat' dir='ltr'><strong>lente</strong></span> <span class='ocrx_word' id='word_1_162' title='bbox 647 2015 826 2069; x_wconf 76' lang='lat' dir='ltr'><strong>mercantium</strong></span> 
     </span>
     <span class='ocr_line' id='line_1_26' title="bbox 32 2089 892 2154; baseline 0 -14"><span class='ocrx_word' id='word_1_163' title='bbox 32 2103 110 2142; x_wconf 84' lang='lat' dir='ltr'><strong>mere</strong></span> <span class='ocrx_word' id='word_1_164' title='bbox 124 2090 331 2153; x_wconf 77' lang='lat' dir='ltr'><strong>considerabat3</strong></span> <span class='ocrx_word' id='word_1_165' title='bbox 352 2091 434 2141; x_wconf 85' lang='lat' dir='ltr'><strong>etlam</strong></span> <span class='ocrx_word' id='word_1_166' title='bbox 449 2089 550 2142; x_wconf 80' lang='lat' dir='ltr'><strong>faciem</strong></span> <span class='ocrx_word' id='word_1_167' title='bbox 562 2106 646 2143; x_wconf 87' lang='lat' dir='ltr'><strong>manu</strong></span> <span class='ocrx_word' id='word_1_168' title='bbox 656 2090 791 2154; x_wconf 75' lang='lat' dir='ltr'><strong>allevem,</strong></span> <span class='ocrx_word' id='word_1_169' title='bbox 803 2091 828 2140; x_wconf 90' lang='lat' dir='ltr'><strong>si</strong></span> <span class='ocrx_word' id='word_1_170' title='bbox 890 2103 892 2107; x_wconf 87' lang='lat'>·</span> 
     </span>
     <span class='ocr_line' id='line_1_27' title="bbox 34 2165 827 2233; baseline -0.001 -18"><span class='ocrx_word' id='word_1_171' title='bbox 34 2179 106 2231; x_wconf 86' lang='lat' dir='ltr'><strong>qnae</strong></span> <span class='ocrx_word' id='word_1_172' title='bbox 115 2166 221 2233; x_wconf 86' lang='lat' dir='ltr'><strong>pudore</strong></span> <span class='ocrx_word' id='word_1_173' title='bbox 233 2167 440 2216; x_wconf 80' lang='lat' dir='ltr'><strong>summitterent.</strong></span> <span class='ocrx_word' id='word_1_174' title='bbox 456 2166 574 2226; x_wconf 71' lang='lat' dir='ltr'><strong>Quoties</strong></span> <span class='ocrx_word' id='word_1_175' title='bbox 582 2166 680 2218; x_wconf 89' lang='lat' dir='ltr'><strong>deinde</strong></span> <span class='ocrx_word' id='word_1_176' title='bbox 691 2165 827 2228; x_wconf 85' lang='lat' dir='ltr'><strong>libuisset,</strong></span> 
     </span>
     <span class='ocr_line' id='line_1_28' title="bbox 33 2240 827 2312; baseline -0.001 -21"><span class='ocrx_word' id='word_1_177' title='bbox 33 2253 161 2306; x_wconf 83' lang='lat' dir='ltr'><strong>egressus</strong></span> <span class='ocrx_word' id='word_1_178' title='bbox 170 2240 306 2312; x_wconf 68' lang='lat' dir='ltr'><strong>triclinio,</strong></span> <span class='ocrx_word' id='word_1_179' title='bbox 327 2254 410 2307; x_wconf 89' lang='lat' dir='ltr'><strong>quum</strong></span> <span class='ocrx_word' id='word_1_180' title='bbox 424 2240 542 2290; x_wconf 81' lang='lat' dir='ltr'><strong>maxime</strong></span> <span class='ocrx_word' id='word_1_181' title='bbox 556 2240 688 2306; x_wconf 79' lang='lat' dir='ltr'><strong>placitam</strong></span> <span class='ocrx_word' id='word_1_182' title='bbox 701 2252 827 2290; x_wconf 80' lang='lat' dir='ltr'><strong>seroeus-</strong></span> 
     </span>
     <span class='ocr_line' id='line_1_29' title="bbox 34 2312 827 2383; baseline -0.003 -18"><span class='ocrx_word' id='word_1_183' title='bbox 34 2320 84 2378; x_wconf 81' lang='lat' dir='ltr'><strong>set,</strong></span> <span class='ocrx_word' id='word_1_184' title='bbox 94 2315 191 2383; x_wconf 85' lang='lat' dir='ltr'><strong>paullo</strong></span> <span class='ocrx_word' id='word_1_185' title='bbox 201 2321 279 2382; x_wconf 86' lang='lat' dir='ltr'><strong>post,</strong></span> <span class='ocrx_word' id='word_1_186' title='bbox 288 2315 442 2367; x_wconf 78' lang='lat' dir='ltr'><strong>recentibus</strong></span> <span class='ocrx_word' id='word_1_187' title='bbox 453 2312 546 2365; x_wconf 82' lang='lat' dir='ltr'><strong>adhue</strong></span> <span class='ocrx_word' id='word_1_188' title='bbox 552 2314 683 2366; x_wconf 82' lang='lat' dir='ltr'><strong>lasciviae</strong></span> <span class='ocrx_word' id='word_1_189' title='bbox 692 2314 776 2376; x_wconf 80' lang='lat' dir='ltr'><strong>notis,</strong></span> <span class='ocrx_word' id='word_1_190' title='bbox 786 2326 827 2364; x_wconf 87' lang='lat' dir='ltr'><strong>re-</strong></span> 
     </span>
     <span class='ocr_line' id='line_1_30' title="bbox 33 2385 827 2457; baseline 0 -18"><span class='ocrx_word' id='word_1_191' title='bbox 33 2403 128 2441; x_wconf 81' lang='lat' dir='ltr'><strong>versus</strong></span> <span class='ocrx_word' id='word_1_192' title='bbox 136 2390 182 2442; x_wconf 80' lang='lat' dir='ltr'><strong>vel</strong></span> <span class='ocrx_word' id='word_1_193' title='bbox 192 2389 325 2441; x_wconf 85' lang='lat' dir='ltr'><strong>laudabat</strong></span> <span class='ocrx_word' id='word_1_194' title='bbox 334 2390 439 2457; x_wconf 84' lang='lat' dir='ltr'><strong>palam,</strong></span> <span class='ocrx_word' id='word_1_195' title='bbox 454 2389 497 2440; x_wconf 89' lang='lat' dir='ltr'><strong>vel</strong></span> <span class='ocrx_word' id='word_1_196' title='bbox 510 2389 699 2457; x_wconf 81' lang='lat' dir='ltr'><strong>uiusperabat,</strong></span> <span class='ocrx_word' id='word_1_197' title='bbox 718 2385 827 2452; x_wconf 75' lang='lat' dir='ltr'><strong>singula</strong></span> 
     </span>
     <span class='ocr_line' id='line_1_31' title="bbox 32 2461 825 2532; baseline -0.005 -18"><span class='ocrx_word' id='word_1_198' title='bbox 32 2478 196 2516; x_wconf 72' lang='lat' dir='ltr'><strong>ennaremus</strong></span> <span class='ocrx_word' id='word_1_199' title='bbox 210 2466 284 2517; x_wconf 89' lang='lat' dir='ltr'><strong>bona</strong></span> <span class='ocrx_word' id='word_1_200' title='bbox 296 2465 403 2515; x_wconf 83' lang='lat' dir='ltr'><strong>malave</strong></span> <span class='ocrx_word' id='word_1_201' title='bbox 418 2464 546 2531; x_wconf 80' lang='lat' dir='ltr'><strong>corporis</strong></span> <span class='ocrx_word' id='word_1_202' title='bbox 558 2470 643 2532; x_wconf 77' lang='lat' dir='ltr'><strong>atque</strong></span> <span class='ocrx_word' id='word_1_203' title='bbox 654 2461 825 2514; x_wconf 79' lang='lat' dir='ltr'><strong>concubitus.</strong></span> 
     </span>
     <span class='ocr_line' id='line_1_32' title="bbox 32 2535 826 2605; baseline -0.008 -14"><span class='ocrx_word' id='word_1_204' title='bbox 32 2538 216 2604; x_wconf 78' lang='lat' dir='ltr'><strong>Quibusdam,</strong></span> <span class='ocrx_word' id='word_1_205' title='bbox 222 2540 376 2591; x_wconf 85' lang='lat' dir='ltr'><strong>absentium</strong></span> <span class='ocrx_word' id='word_1_206' title='bbox 385 2539 548 2591; x_wconf 73' lang='lat' dir='ltr'><strong>meritur-mu</strong></span> <span class='ocrx_word' id='word_1_207' title='bbox 558 2535 826 2605; x_wconf 86' lang='lat' dir='ltr'><strong>nomine,repudium</strong></span> 
     </span>
     <span class='ocr_line' id='line_1_33' title="bbox 31 2613 562 2681; baseline -0.004 -16"><span class='ocrx_word' id='word_1_208' title='bbox 31 2613 92 2681; x_wconf 84' lang='lat' dir='ltr'><strong>ipse</strong></span> <span class='ocrx_word' id='word_1_209' title='bbox 101 2615 187 2679; x_wconf 86' lang='lat' dir='ltr'><strong>misit,</strong></span> <span class='ocrx_word' id='word_1_210' title='bbox 198 2615 334 2681; x_wconf 86' lang='lat' dir='ltr'><strong>iussitque</strong></span> <span class='ocrx_word' id='word_1_211' title='bbox 343 2615 373 2665; x_wconf 89' lang='lat' dir='ltr'><strong>iu</strong></span> <span class='ocrx_word' id='word_1_212' title='bbox 383 2619 446 2665; x_wconf 88' lang='lat' dir='ltr'><strong>acta</strong></span> <span class='ocrx_word' id='word_1_213' title='bbox 454 2613 562 2666; x_wconf 79' lang='lat' dir='ltr'><strong>referri.</strong></span> 
     </span>
    </p>

    <p class='ocr_par' dir='ltr' id='par_1_4' title="bbox 86 2685 826 2758">
     <span class='ocr_line' id='line_1_34' title="bbox 86 2685 826 2758; baseline -0.011 -14"><span class='ocrx_word' id='word_1_214' title='bbox 86 2689 229 2744; x_wconf 85' lang='lat' dir='ltr'><strong>xxxvn.</strong></span> <span class='ocrx_word' id='word_1_215' title='bbox 244 2688 553 2758; x_wconf 65' lang='lat' dir='ltr'><strong>Nepothissumptibus</strong></span> <span class='ocrx_word' id='word_1_216' title='bbox 564 2687 685 2738; x_wconf 81' lang='lat' dir='ltr'><strong>uranium</strong></span> <span class='ocrx_word' id='word_1_217' title='bbox 694 2685 826 2753; x_wconf 83' lang='lat' dir='ltr'><strong>prodigo·</strong></span> 
     </span>
    </p>
   </div>
   <div class='ocr_carea' id='block_1_3' title="bbox 0 0 942 3060">
    <p class='ocr_par' dir='ltr' id='par_1_5' title="bbox 0 0 942 3060">
     <span class='ocr_line' id='line_1_35' title="bbox 0 0 942 3060; baseline 0 2"><span class='ocrx_word' id='word_1_218' title='bbox 0 0 942 3060; x_wconf 95' lang='lat' dir='ltr'><strong> </strong></span> 
     </span>
    </p>
   </div>
  </div>
 </body>
</html>
