1822 3068
84 346 119 400 78
358 347 387 393 0.
413 342 604 394 abitrum!

85 473 177 524 tiones
192 477 241 522 aut
253 469 440 538 gladiatorum
456 482 565 537 pugnas
583 470 759 523 severissime

85 547 185 615 exegit.
213 544 286 597 Nam
296 543 459 595 histrionum
470 544 610 595 boantiam
622 540 694 596 adeo
705 560 762 598 oon

85 618 340 689 ntStepbanlonem
349 617 532 686 togatarlnm,
553 618 599 669 cul
611 619 642 669 ia
656 618 762 686 puerile

83 702 143 747 tum
157 696 369 747 circumtonsam
382 698 538 744 matronam
552 692 727 749 ministrasse
744 708 762 746 o

85 776 138 835 rat,
149 784 199 837 per
206 770 281 819 tama
290 767 401 819 theatra
408 768 496 834 virgis
506 780 617 819 oaesum
628 768 763 836 relegaret

84 843 132 896 lan
140 844 352 912 pantomimum,
364 847 493 908 querente
503 848 644 908 praetore,
658 843 689 893 in
700 844 763 895 atrii

84 934 165 982 suae,
179 916 423 978 seminantium,
443 915 561 982 flagellis
575 916 743 981 sabaarim

84 991 216 1044 denUrbo
225 988 396 1058 atqueltalia
405 990 592 1052 summoverit,
597 991 676 1057 qnod
685 998 763 1059 spect

84 1082 102 1118 a
115 1080 172 1135 qno
192 1064 404 1128 exsibilabator,
424 1064 642 1116 demonstrasset
661 1066 752 1134 digito

84 1155 220 1209 tuumque
228 1138 348 1191 iecisset.

139 1213 239 1266 XLVI.
258 1213 300 1264 ild
314 1211 386 1264 harno
399 1210 512 1263 modum
525 1212 602 1264 Urbe
613 1214 763 1282 arbaauqa

84 1288 296 1351 administratis,
307 1286 417 1338 ltaliam
428 1286 636 1355 duodetriginta
646 1289 761 1341 oolonia

83 1378 159 1415 mero
170 1362 348 1415 deductarum
360 1361 395 1411 ab
406 1376 436 1411 se
444 1358 639 1427 frequentavit,
651 1364 763 1432 operibo

83 1437 264 1505 vectigalibus
287 1435 406 1503 publicis
426 1434 600 1502 plurifariam
619 1436 763 1489 instruxit:

82 1512 143 1564 lure
157 1527 191 1563 ao
205 1511 366 1579 dignatione
375 1508 444 1560 Urbi
453 1510 659 1576 quodammodo
676 1526 728 1580 pro
743 1528 760 1580 p

83 1601 139 1656 qua
163 1585 342 1653 adaequavit,
367 1584 525 1650 excogitato
550 1600 650 1655 genere
674 1582 762 1639 sunm

83 1676 154 1728 quae
164 1661 199 1712 de
208 1659 416 1727 magistratibus
426 1659 530 1709 urbicis
545 1658 711 1714 demarionos
722 1660 763 1714 eol

82 1750 134 1787 sua
144 1735 260 1803 purisque
269 1734 383 1786 colonia
392 1731 507 1797 ferrent,
518 1740 547 1785 et
556 1735 607 1785 sub
619 1735 693 1787 diem
704 1752 763 1788 oom

83 1810 230 1879 obsignata
243 1808 360 1860 Romam
374 1808 523 1859 mitterent.
560 1809 601 1860 do
614 1811 717 1862 neoubi
730 1826 763 1861 an

82 1892 188 1938 storum
213 1884 342 1934 ‹leiloeret
365 1882 447 1949 copia
471 1886 520 1933 aut
541 1883 730 1936 multitudinis
758 1901 763 1934 ι

82 1964 236 2027 equestrem
246 1956 374 2007 militiam
384 1961 506 2023 petentes
515 1957 599 2007 etlam
614 1972 650 2009 ex
664 1974 763 2011 conum

82 2046 117 2084 ne
127 2031 242 2099 publiea
256 2030 389 2097 oniasque
403 2029 500 2097 oppidi
513 2030 675 2083 ordinabat:
701 2040 732 2084 nt
743 2034 763 2084 ii

82 2106 163 2174 plebe
176 2104 303 2173 regiones
317 2104 372 2156 sibi
386 2104 516 2156 reuisenti
529 2105 604 2157 lilios
619 2106 729 2159 iiliasve
744 2122 763 2175 a

82 2178 591 2247 rentsingulannmmommmilllapro
600 2182 720 2248 singulis
731 2183 764 2234 ni

138 2253 251 2306 XLVll.
274 2252 436 2305 Provincias
455 2253 618 2319 validiores,
643 2262 673 2307 et
693 2272 763 2324 quas

83 2330 294 2397 magistratuum
304 2328 428 2395 imperiis
438 2328 498 2394 regi
508 2342 559 2379 neo
568 2327 652 2381 iaoile
661 2346 713 2383 neo
718 2338 764 2383 tut

82 2405 144 2473 ipse
159 2404 293 2471 sruoepit:
313 2410 419 2454 ceteras
436 2403 650 2468 proconsulibus
665 2407 764 2458 sortito

84 2480 133 2542 sit3
144 2484 173 2531 et
181 2485 274 2530 tamen
283 2476 431 2529 nonnullas
441 2478 622 2529 eommutavit
630 2480 764 2531 interilum

84 2568 119 2606 ex
127 2561 247 2622 unoque
255 2566 355 2621 genere
368 2550 515 2618 plorasque
523 2553 636 2619 saepiam
646 2554 728 2607 adiit.

82 2628 218 2697 quasdam
227 2625 398 2689 moderatas,
418 2624 468 2677 sati
478 2624 515 2675 ad
524 2626 640 2679 entium
650 2626 764 2681 lieentia

81 2702 168 2770 pitas,
179 2702 308 2755 libertate
316 2699 448 2767 privarit:
468 2698 552 2765 ollas,
564 2706 614 2753 aut
623 2716 688 2755 aare
698 2702 764 2757 alies

82 2784 176 2831 rantes
185 2774 296 2839 levavit,
308 2780 357 2825 aut
364 2779 457 2825 terrae
466 2779 545 2825 mota
554 2776 702 2829 subversas
713 2776 764 2831 den

81 2850 161 2918 didit,
173 2858 223 2904 sut
232 2848 332 2902 merita
341 2860 408 2917 erga
419 2846 552 2917 populum
562 2848 718 2903 llomaaum
729 2850 764 2905 all
