1874 3060
169 195 366 245 obsumus,
401 197 479 243 GAP.
498 199 597 244 9-11.
729 197 781 251 201

46 315 113 367 riad
128 331 245 383 poenam
258 325 401 387 raperetur
414 320 520 371 insom-
558 319 694 388 Receptus
705 322 781 375 intra

46 391 174 455 nm,inter
183 394 312 444 excubias
322 394 441 445 militum
449 393 629 460 pernoctavit,
636 393 779 462 aliquanto

46 480 91 518 ore
101 479 150 531 spe
160 481 243 533 quam
252 467 362 519 fiducia.
392 467 463 519 Nam
475 467 601 519 consules
611 483 672 519 cum
682 476 780 522 senatu

46 537 189 592 ohortibus
202 542 316 592 urbanis
325 541 417 594 iorum
428 542 650 610 Capitoliumque
661 557 779 611 occupa·

50 614 205 679 ,memmi
215 631 385 668 communem
393 616 562 668 libertatem:
582 616 742 683 accitusque
751 623 780 671 et

52 702 104 755 per
112 688 252 741 tribunum
262 689 350 758 plebis
360 691 499 742 incuriam
510 689 779 758 adsuadenduquae

46 767 153 827 sentru,
169 762 197 814 si
209 764 433 816 re‘etuecem'tate
443 763 686 832 teuers’respoudit.
724 764 778 817 Ve-

54 843 167 904 postero
180 837 238 902 die,
259 843 287 889 et
300 844 398 890 senatu
412 838 538 905 segniore
551 839 582 891 in
595 839 776 907 exsequendis

46 909 144 975 rtihrm,
155 926 204 977 per
213 912 335 963 taedium
345 928 379 964 ac
389 912 586 964 dissensionem
596 912 706 964 diversa
715 929 777 965 cen-

46 984 117 1048 inm,
137 986 360 1050 etmultitudine,
381 1002 451 1056 quae
466 987 673 1052 circumstabat,
692 1002 777 1040 unum

46 1073 121 1111 orem
129 1059 186 1110 ianr
197 1065 224 1112 et
233 1060 395 1112 nominatim
406 1067 582 1129 exposcente,
594 1067 716 1113 armatos
725 1077 778 1130 pro

46 1132 119 1184 >ioue
133 1133 227 1186 iurare
241 1135 271 1186 in
284 1151 384 1187 nomen
397 1150 476 1187 suum
490 1150 588 1202 passus
601 1140 655 1197 est;
675 1136 777 1202 prorni-

46 1221 76 1259 ue
88 1207 206 1274 singulis
221 1210 306 1278 quina
321 1209 391 1260 dena
403 1209 543 1274 sestertia,
562 1208 667 1276 primus
678 1208 780 1263 caess-

53 1281 136 1334 fldem
147 1282 243 1333 militis
253 1283 336 1335 etiam
346 1284 469 1350 praemio
479 1284 650 1352 pignorum.

46 1354 89 1407 n.
99 1355 218 1423 Imperio
229 1357 353 1409 stabilito
364 1355 436 1409 nihil
445 1358 584 1426 antiquius
596 1357 682 1422 duxit,
694 1373 777 1425 quam

46 1428 150 1494 iduum,
170 1446 225 1498 qno
237 1432 270 1483 de
280 1431 411 1483 mutando
420 1431 588 1499 reipublicae
603 1437 678 1483 stetu
687 1430 776 1484 haesi·

46 1510 154 1567 meret,
169 1507 318 1558 memoriae
328 1507 455 1557 eximere.
494 1504 621 1555 Omnium
630 1505 725 1572 itaque
734 1505 776 1556 fa-

46 1594 92 1630 nm
108 1578 298 1647 dictorumque
312 1581 342 1631 in
357 1595 390 1632 eo
404 1579 513 1631 veniam
527 1583 555 1629 et
570 1577 736 1630 oblivionem
746 1579 776 1629 in
797 1583 799 1587 ‘

46 1657 144 1705 rmum
164 1655 257 1705 sanxit
274 1670 308 1706 ac
326 1652 478 1723 praestitit;
500 1652 619 1703 tribunis
638 1651 721 1703 modo
743 1667 776 1703 ac

46 1727 192 1779 urionibus
205 1729 302 1796 paucis
315 1745 331 1781 e
345 1726 595 1781 coniuratorum'in
610 1724 707 1776 Caium
725 1740 775 1777 nu·

46 1817 57 1855 o
66 1802 248 1869 interemptis,
254 1802 371 1869 exempli
380 1801 462 1854 simul
472 1815 564 1865 causa,
575 1805 603 1852 et
612 1799 687 1866 quod
697 1814 776 1850 suam

46 1892 92 1944 {na
108 1876 219 1927 caedem
234 1877 428 1944 depoposcisse
443 1880 618 1944 cognoverat.
657 1873 776 1926 Conver-

46 1951 104 2003 rinc
114 1950 152 2001 ad
162 1951 254 2002 officia
263 1951 388 2019 pietatis,
408 1949 598 2002 iusiurandum
612 1963 700 2017 neque
713 1963 776 2000 san·

46 2040 53 2076 r
65 2025 124 2076 sibi
136 2040 225 2092 neque
238 2025 360 2077 crebrius
372 2025 505 2089 instituit,
526 2038 608 2090 quam
617 2039 668 2091 per
682 2021 776 2092 Augu·

46 2118 58 2150 ¹..
97 2099 183 2150 Aviae
203 2098 302 2151 Liviae
322 2099 430 2151 divinos
449 2096 581 2161 honores,
606 2103 634 2149 et
653 2097 776 2149 circensi

46 2187 84 2241 pa
94 2188 205 2225 currum
220 2171 427 2240 elephantorum
435 2172 587 2240 Augustino
602 2171 720 2223 similem
730 2171 775 2222 de·

46 2247 117 2301 enda
138 2248 257 2300 curavit:
281 2247 440 2315 parentibus
457 2245 571 2299 inferias
589 2245 728 2312 publices,
743 2250 777 2297 .et

46 2321 164 2389 amplius
174 2322 249 2389 patri
259 2322 399 2373 Circenses
410 2336 516 2373 annuos
525 2318 614 2371 natali
623 2318 681 2380 die;
691 2318 776 2368 matri

46 2402 154 2460 entum,
170 2411 224 2464 qno
235 2412 284 2462 per
295 2396 404 2448 Circum
414 2394 570 2458 duceretur,
586 2397 614 2445 et
623 2405 776 2458 cognomen

46 2476 129 2535 ustae,
142 2470 176 2521 ab
186 2471 250 2523 viva
259 2475 422 2523 recusatum.
449 2469 491 2520 Ad
500 2467 595 2521 fratris
604 2464 776 2527 memoriam,

46 2560 150 2598 omnem
161 2545 335 2597 occasionem
345 2544 518 2607 celebratam,
525 2539 696 2593 comoediam
707 2553 775 2607 qno·

49 2617 187 2671 Graecam
200 2618 386 2686 Neapolitano
406 2617 553 2669 certamine
566 2613 673 2678 docuit,
694 2610 775 2664 ac'de

46 2694 118 2748 enda
131 2693 255 2747 iudicum
275 2693 427 2747 coronavit.
464 2689 507 2743 Ne
520 2687 646 2743 runem
665 2685 774 2756 quidem
