1822 3068
150 199 285 248 lunius
312 198 465 247 CAESAR.
501 201 712 249 cleas-ao.
797 199 830 251 45

66 341 90 390 s,
104 330 236 393 portaret
243 324 274 375 in
285 322 426 389 Campum.
464 322 539 375 Inter
553 322 635 375 ludos
646 332 756 377 cantata
766 331 830 378 sunt

66 399 169 452 mam
190 398 226 449 ad
241 398 448 449 miserationem
463 405 491 449 et
503 398 639 449 invidiam
654 400 745 451 caedis
760 402 828 465 eius,

66 472 246 527 commodata
255 484 291 524 ex
300 470 416 523 Pacuvii
425 472 570 524 Armorum
578 473 699 526 iudicios

72 574 154 587 --
161 545 235 599 Men·
244 561 369 610 amasse,
380 554 413 599 at
421 545 511 610 mest,
524 547 571 614 qai
578 564 619 599 me
624 547 781 615 ptrderesti

66 640 70 673 :
84 636 115 675 ex
126 622 241 675 Electra
253 621 347 673 Attilii
366 618 451 690 [alia]
472 622 509 672 ad
522 622 641 675 similem
655 623 827 675 sententiam.

65 697 220 749 .audationis
239 696 305 748 loeo
326 695 424 747 consul
442 696 577 748 Antonius
595 713 646 765 per
663 712 829 765 praeconem

65 772 228 824 mnunciarit
237 776 350 822 sanaem
361 770 529 836 consultum,
541 786 595 840 qno
607 774 700 824 omnia
709 772 793 825 simul
802 774 829 824 ei

65 846 129 898 irina
138 853 222 914 atque
233 843 355 896 humana
364 844 534 909 decreveram
552 847 618 898 item
627 847 828 911 iusiurandum,

65 936 96 973 uu
107 936 136 973 se
149 921 244 973 cuncti
258 934 310 987 pro
321 919 411 971 salute
419 921 501 971 unius
512 921 708 973 astrinxerant:
729 923 828 990 quibus

65 986 174 1063 *panda
189 1011 208 1046 a
222 1010 252 1046 se
267 993 352 1046 verba
366 994 481 1046 addidit.
519 993 634 1047 Lectum
649 1012 700 1064 pro
719 997 828 1061 rostris,

65 1068 165 1122 riorum
174 1069 356 1137 magistratus
366 1076 394 1120 et
403 1066 554 1121 bonoribus
567 1069 656 1122 functi
666 1071 828 1123 detulerunt.

65 1142 125 1205 laen
138 1160 224 1212 quum
238 1158 304 1211 pars
318 1145 348 1194 in
360 1143 510 1211 Capitolini
524 1144 598 1197 lovis
614 1145 684 1196 cella
699 1159 829 1209 cremare,

64 1220 139 1271 amin
149 1219 230 1271 curia
238 1216 379 1285 Pompeii,
400 1219 562 1283 destinaret,
581 1225 694 1286 repente
704 1219 759 1271 duo
770 1219 829 1287 qui-

64 1291 104 1343 lam
111 1293 212 1362 gladiis
222 1293 358 1344 succincti
367 1307 401 1344 ac
409 1293 475 1344 bina
484 1294 577 1346 lamala
585 1299 723 1361 gestantes
734 1294 829 1346 arden-

64 1366 114 1419 ibus
123 1369 208 1421 cereis
218 1367 430 1419 succenderunt:
446 1367 644 1436 confestimque
654 1370 830 1420 cbcumstan-

64 1440 109 1493 lnm
116 1443 197 1495 turba
206 1441 329 1509 virgulta
339 1441 430 1507 arida,
446 1449 474 1494 et
489 1459 550 1494 eum
559 1443 698 1494 subselliis
707 1444 830 1496 tribuna-

64 1516 228 1586 la,quicquid
238 1521 382 1584 praeterea
392 1517 428 1568 ad
437 1532 549 1568 manum
559 1516 667 1581 aderat,
679 1518 830 1585 congessitz

64 1589 136 1644 binde
144 1593 274 1644 tibicines
285 1596 314 1643 et
323 1592 425 1643 scenici
435 1591 555 1642 artifices
563 1595 680 1654 vestem,
701 1606 783 1659 quam
797 1605 832 1642 ex

64 1672 219 1719 numento
232 1663 436 1733 triumphorum
457 1663 493 1716 ad
511 1669 683 1732 praesentem
697 1679 777 1715 usum
790 1664 832 1714 in·

64 1737 166 1808 beraut,
192 1734 346 1793 detractam
369 1742 425 1792 sibi
448 1745 531 1808 atque
551 1739 697 1790 discissam
713 1738 832 1790 iniecere

63 1812 176 1881 lunae,
193 1814 249 1885 [et]
260 1821 452 1867 veteranorum
467 1815 586 1866 militum
596 1813 745 1882 legionarii
754 1826 832 1864 arma

63 1903 105 1955 us,
127 1891 226 1959 quibus
246 1889 351 1941 exculti
368 1888 451 1941 funus
470 1889 658 1952 celebrabant;
687 1894 831 1941 mamonae

63 1964 123 2017 tlon
136 1966 285 2034 pleraeque
300 1971 460 2017 ornamenta
470 1980 533 2029 sua,
555 1979 625 2032 quae
638 1965 783 2032 gerebant,
803 1970 832 2015 et

63 2037 188 2093 iberorum
198 2039 291 2092 bullas
302 2045 384 2107 atque
393 2044 558 2107 praetextas.
583 2039 614 2090 ln
624 2054 730 2091 summo
740 2039 829 2107 publi-

63 2127 80 2162 o
95 2114 167 2167 luctu
185 2121 343 2167 exterarum
362 2114 483 2181 gentium
502 2114 649 2167 multimodo
665 2114 827 2178 circulatim,

63 2200 93 2239 uo
102 2205 224 2258 quaeque
232 2204 325 2252 more,
336 2188 486 2240 lamentata
496 2195 551 2252 est3
574 2190 776 2257 praecipueque
784 2189 828 2240 lu-

62 2258 116 2329 bei,
130 2266 178 2333 qui
187 2265 274 2316 etiam
283 2263 412 2315 noctibus
428 2264 565 2316 continuis
579 2265 689 2316 bustum
703 2264 828 2329 frequen-

62 2346 135 2390 nunt

96 2412 234 2466 LXXXV.
254 2411 336 2464 Plebs
347 2413 441 2464 statim
451 2428 468 2463 a
477 2412 573 2465 funere
583 2414 619 2465 ad
629 2414 740 2465 domum
749 2409 831 2461 Bruti

62 2486 161 2541 tersui
176 2504 239 2541 cum
253 2486 362 2539 lacibus
376 2486 505 2539 tetendit:
530 2493 612 2555 atque
627 2502 708 2555 aegre
717 2484 828 2551 repulsa

64 2559 145 2615 briam
160 2565 217 2616 sibi
231 2561 361 2614 Helvium
373 2563 487 2613 Cinnam
501 2579 550 2630 per
565 2578 685 2614 errorem
699 2559 828 2625 nominis,

63 2639 118 2691 aad
127 2638 274 2692 Cornelius
283 2638 310 2687 is
325 2645 409 2702 esset,
430 2653 511 2705 quem
525 2638 646 2705 graviter
660 2634 751 2703 pridie
765 2650 829 2687 con-

62 2709 222 2767 inmeante
233 2712 352 2765 &aare
365 2712 537 2782 requirebat,
558 2710 674 2777 occidit,
695 2717 829 2780 caputque
