1822 3068
83 208 117 262 ti
266 195 268 201 ’
360 208 388 253 e.
410 204 602 255 sunrourr

83 338 133 384 aut
141 346 191 401 per
201 330 333 393 edictum,
348 328 422 382 ullos
432 328 550 379 militum
561 325 706 380 commeiito

83 408 145 471 but,
165 406 214 459 sed
229 403 338 457 meliten.-
358 418 391 454 uc
405 418 440 454 ue
455 417 473 452 u
488 401 706 472 iliisquidemn

83 481 155 545 suls,
169 479 286 548 imperio
302 477 449 547 praeditis,
465 477 547 529 aliter
557 477 693 545 appellari

82 555 258 607 ambitiosius
266 553 297 604 id
306 552 481 616 existimans,
502 567 585 620 quem
601 557 650 602 sut
663 557 706 603 rut

82 636 132 681 sert
144 635 299 696 temporum
315 627 392 696 quies
409 631 457 677 ant
471 641 522 677 suu
537 625 691 694 domusque

82 710 140 756 stes
150 702 312 772 postularet.
351 700 496 752 Libertino
507 700 608 764 milite,
620 706 706 768 praete

81 790 143 830 mue
157 776 347 829 incendiorum
363 790 461 839 eausa,
481 780 510 826 et
523 775 549 826 si
562 773 696 826 tumultus

82 864 194 904 sunone
207 855 386 913 memoretur,
407 849 451 901 bis
464 864 532 900 usus
547 855 601 899 est:
623 849 706 901 semel

84 927 159 978 ditum
170 925 355 989 coloniorum,
370 923 512 992 illyricum
528 924 706 993 contingenti

84 1000 120 1052 ed
135 996 249 1053 tutelam
264 1000 342 1067 ripae
352 996 440 1050 Rheni
454 997 587 1050 fluminis:
608 1013 706 1067 eosque

84 1075 152 1140 hue,
171 1075 239 1126 viris
254 1073 417 1141 festinisque
431 1071 671 1142 pecuniosioribus
691 1074 706 1124 ir

84 1151 144 1202 sine
162 1164 242 1201 mora
260 1148 457 1212 manumissos,
478 1147 529 1199 sub
548 1147 642 1235 priore
656 1161 706 1199 vex

84 1238 173 1299 neque
184 1229 232 1275 aut
241 1223 406 1274 commixtos
416 1236 477 1272 cnm
487 1221 622 1288 ingenuis,
629 1227 703 1273 ente

85 1303 217 1351 armatos.
256 1293 339 1347 Dona
353 1296 501 1359 militaria,
522 1296 666 1364 eliquanto
688 1295 706 1346 i

87 1373 172 1436 ierus,
187 1376 314 1440 torques,
330 1334 501 1440 etquicqnid
512 1384 580 1421 auro
592 1375 706 1437 argento

86 1452 137 1511 ret,
148 1460 231 1516 quem
240 1444 360 1497 vallares
371 1459 404 1496 ac
413 1445 534 1496 murales
545 1459 678 1509 corones,
695 1462 706 1513 q

86 1519 296 1590 praecellerent,
312 1519 410 1572 dubet·
430 1517 480 1570 has
494 1534 577 1589 qnam
590 1519 706 1586 narcissi

87 1595 252 1659 ambitione,
278 1610 311 1646 sc
330 1609 416 1663 saepe
435 1594 520 1646 etiam
545 1593 673 1660 caligatis
697 1600 706 1645 t

86 1670 235 1740 Agrippam
244 1668 378 1721 iudiciiin
387 1674 453 1737 post
461 1668 585 1719 navalem
596 1668 706 1720 vietum

85 1744 187 1798 vexillo
208 1743 330 1795 donavit.
369 1740 452 1794 Solos
469 1739 662 1810 triumphales,
685 1759 706 1811 q

86 1820 181 1872 sorios
194 1816 401 1885 expeditionum
416 1821 444 1870 et
458 1818 607 1885 participes
620 1817 706 1868 victos

86 1891 161 1958 runi,
180 1905 320 1960 nunquam
341 1889 422 1943 donis
440 1891 641 1960 impertiendos
660 1898 706 1959 put

86 1967 143 2036 ipsi
152 1981 262 2037 qnoque
271 1966 316 2016 ius
325 1961 486 2017 habuissent
495 1965 635 2017 tribuendi
644 1980 692 2030 en,

87 2043 152 2094 lent.
191 2038 269 2093 Nihil
278 2046 369 2092 autem
380 2041 470 2092 minus
479 2039 641 2109 inperfecto
653 2039 706 2091 duc

87 2117 264 2174 stinationem
279 2115 514 2184 temeritatemque
530 2114 675 2167 convenire
686 2129 706 2165 a:

88 2191 191 2244 Crebro
201 2192 295 2260 itaque
305 2190 356 2241 illa
365 2190 502 2241 iactabat:
521 2187 625 2239 Σπεῠδε
635 2189 706 2255 βραδ

117 2294 249 2364 ’eiecerint
258 2295 308 2365 γάρ
319 2292 367 2348 ἔστ’
379 2294 498 2357 ἀμείνων,
508 2293 525 2362 ἢ
536 2293 637 2365 θρασὺς
648 2314 706 2366 orpe

88 2424 129 2480 et,
144 2424 187 2468 tat
201 2413 404 2485 celeriter-fleri,
421 2411 706 2482 qoicqetdfiatsatist

88 2491 155 2544 lium
167 2489 275 2560 quidem
287 2496 335 2541 erit
343 2489 445 2541 bellum
456 2490 659 2558 suscipiendum
675 2507 706 2542 on

88 2567 150 2630 oet,
161 2565 217 2617 nisi
227 2580 310 2633 quum
321 2564 410 2615 nmior
420 2563 598 2615 emolumenti
609 2581 685 2633 spes,
698 2583 706 2634 t

88 2646 177 2692 mettis
189 2640 385 2691 ostenderetur.
423 2637 449 2689 N
451 2653 495 2688 am
510 2637 619 2690 rnioima
630 2656 706 2691 cotum

83 2713 160 2765 μὴν
166 2721 299 2767 meantes
312 2711 462 2766 discrimine
471 2711 569 2766 dende·
579 2714 673 2767 aiebat
683 2730 706 2767 et
