1874 3060
126 240 130 247 ·
185 207 410 264 VITELLIUS.
446 215 524 262 GAP.
543 217 650 262 14-17.
709 240 712 245 ·
765 210 816 264 297

48 335 148 388 atatim
158 335 317 403 pollicente,
330 337 448 389 adiutum
459 339 618 405 resumpsit,
630 337 815 408 Sabinumque

54 406 354 477 reliquos'Fiarianor,
365 410 435 462 nihil
444 414 500 463 iam
511 417 674 478 metuentes,
683 414 712 464 vi
722 413 816 467 subita

62 482 233 552 capitolium
253 486 397 552 compulit,
417 494 603 554 succensoque
623 486 725 554 templo
740 487 814 538 loris

48 557 125 624 ptimi
137 557 255 609 Maximi
269 561 424 626 oppressit3
445 576 528 628 quum
542 567 570 612 et
586 561 722 626 proelium
732 566 760 612 et
771 561 813 612 in·

48 631 146 683 adium
156 647 172 684 e
182 632 332 684 'tiberiana
346 635 517 702 prospiceret
527 635 609 687 domo
624 635 696 686 inter
706 634 812 701 epulas.

48 720 81 757 on
94 705 184 765 multo
198 712 263 772 post
276 709 419 774 poenitens
433 707 514 772 iacti,
535 710 605 763 etin
621 709 692 761 alios
704 708 812 775 culpam

48 778 177 844 unimam,
187 786 288 833 vocata
298 783 432 834 concione
440 783 551 848 iuravit,
564 784 708 851 coegitque
718 784 812 835 imaro

48 860 134 919 toros,
144 853 214 906 nitu
221 854 273 906 ribi
281 854 415 923 antiquius
425 856 511 924 quiete
519 857 701 928 publieasore.
733 858 812 908 Tunc

49 927 139 980 latum
150 944 168 980 a
176 929 263 981 latere
273 930 432 998 pugionem,
445 932 552 982 consuli
561 933 691 999 primum,
703 931 811 997 deinde,

48 1016 66 1055 o
84 1009 239 1067 recusante,
259 1005 480 1071 magistratibus,
502 1021 617 1058 aemon
636 1007 810 1058 senatoribus

48 1076 134 1144 igniis
153 1078 309 1146 porrigens,
324 1079 401 1130 nullo
421 1079 582 1147 recipiente,
600 1081 680 1147 quasi
698 1081 728 1130 in
743 1079 811 1131 aedo

48 1151 191 1204 socordiae
209 1152 369 1220 positurus,
390 1154 532 1205 abscessit.
571 1153 625 1205 Sed
646 1152 809 1221 quibusdam

48 1225 247 1291 clamantibus,
265 1225 351 1294 ι’μιιιιι
369 1242 423 1278 erse
439 1227 624 1291 Concordiam,
638 1228 739 1279 rediit:
759 1243 811 1279 nec

48 1299 106 1351 lum
126 1301 245 1352 retinere
263 1316 293 1351 se
311 1300 415 1353 ferrum
435 1303 590 1367 affirmavit,
610 1318 703 1355 verum
725 1302 808 1354 etium

48 1373 191 1426 mcordiae
199 1375 321 1443 recipere
331 1390 491 1442 cognomen.

70 1447 147 1501 xvi.
169 1447 315 1516 Suasitque
330 1451 517 1514 senatoribus,
526 1451 674 1518 utlegatos
686 1466 746 1502 cum
756 1451 810 1502 vir·

48 1523 126 1575 nibus
139 1520 298 1575 Vestalibus
315 1524 465 1587 mitterent,
480 1539 576 1590 paoem
595 1531 644 1574 aut
657 1530 729 1575 certe
743 1531 810 1575 tem·

48 1614 65 1648 u
75 1597 113 1649 ad
124 1596 333 1649 consultandum
344 1599 489 1666 petituros.
527 1596 667 1648 Postridie
676 1610 810 1664 responsa

48 1671 172 1740 »parienti
183 1671 342 1723 nunciatum
359 1679 401 1723 est
414 1687 463 1737 per
473 1671 691 1738 exploratorem,
702 1668 809 1722 bostem

48 1746 248 1813 propinquare.
288 1747 425 1798 Continuo
440 1745 526 1812 igitur
536 1746 678 1796 abstrusus
688 1750 809 1812 gestato-

48 1834 57 1872 ι
70 1821 155 1883 sella,
170 1820 278 1872 duobus
293 1820 361 1871 solis
376 1820 531 1883 comitibus,
547 1820 652 1885 pistore
667 1824 694 1871 et
709 1832 808 1886 coquo,

48 1895 176 1947 *endnum
192 1899 219 1946 et
233 1900 375 1962 paternam
385 1894 496 1946 domum
508 1893 578 1944 clam
592 1893 685 1961 petiit,
700 1892 809 1944 atinde

52 1968 233 2036 Campaniam
244 1967 359 2035 fugeret.
392 1969 461 2021 Mox
471 1969 527 2020 levi
535 1984 645 2021 rumore
656 1976 683 2020 et
692 1969 807 2032 incerto,

48 2058 145 2112 aquam
159 2058 215 2110 pax
229 2043 376 2109 impetrata
385 2049 469 2107 esset,
480 2043 578 2095 referri
591 2059 620 2095 se
630 2045 660 2094 in
668 2043 808 2095 Palatium

48 2132 113 2169 rsus
122 2122 183 2169 est:
196 2117 247 2168 ubi
257 2132 339 2184 quum
350 2117 458 2169 deserta
469 2118 562 2169 onrnia
572 2119 726 2184 reperisset,
737 2118 808 2170 dila·

48 2192 142 2244 atibus
157 2197 184 2243 et
199 2192 247 2258 qui
257 2191 339 2241 simul
349 2197 435 2254 erant,
447 2206 519 2243 zona
530 2208 559 2244 so
570 2208 715 2244 aureorum
726 2193 808 2259 piena

48 2266 195 2318 'camdedit
206 2281 213 2327 ;
234 2264 411 2332 confugitque
419 2265 449 2315 iu
460 2266 586 2318 cellulam
596 2265 734 2328 ianitoris,
745 2264 808 2314 reli·

48 2346 77 2393 to
88 2340 259 2409 proforibus
271 2354 346 2403 eane,
358 2338 484 2406 lectoque
494 2345 521 2392 et
531 2341 647 2391 culcitra
657 2338 783 2390 obiectis.

65 2414 156 2467 xvrl.
175 2414 334 2482 lrnrperant
348 2418 438 2463 autem
452 2414 508 2464 iam
524 2413 640 2481 agminis
652 2416 807 2463 antecesso-

48 2503 113 2553 ιιι,
124 2489 232 2540 nemine
244 2489 336 2551 obvio,
348 2486 526 2552 rimabantur,
536 2494 568 2539 nt
578 2488 617 2549 fit,
628 2485 746 2551 singula.
766 2485 806 2535 Ab

48 2580 53 2613 ι
67 2568 209 2614 extractus
224 2577 240 2613 e
253 2562 373 2623 latebra,
385 2561 570 2625 sciscitantes,
581 2558 639 2626 quir
650 2568 717 2610 erret
730 2561 805 2621 (nam

48 2638 221 2701 rotabatur),
241 2642 268 2688 et
281 2634 328 2687 ubi
342 2649 395 2686 erre
410 2634 543 2688 Vitellium
556 2633 647 2695 sciret,
663 2630 805 2684 mendacio

48 2713 111 2767 uit:
142 2710 241 2763 deinde
261 2710 372 2778 agnitus
391 2725 491 2779 rogare
511 2724 567 2760 non
587 2707 706 2771 destitit,
727 2708 807 2778 quasi
