1822 3068
89 196 140 247 1⁰⁰
364 198 391 244 (7.
415 195 622 244 sustollit·

89 321 145 389 ptis
155 320 293 388 ingenium
304 318 478 383 collaudans,
499 317 552 370 Sed
564 333 628 386 opst
641 326 693 382 att,
708 320 803 388 inqiut,

90 404 116 448 te
125 410 239 463 operam
250 411 282 446 ae
290 395 396 445 moleste
405 393 504 446 teribus
512 393 694 460 assequaris.

144 468 310 520 LXXXVII.
336 468 506 528 Quotidiano
527 483 651 519 sermone
671 467 803 536 quaedam

88 544 215 612 quentiae
225 548 253 594 et
261 543 423 594 notabiliter
431 557 579 609 usurpasse
593 557 654 593 eum
659 578 667 606 ,
683 542 782 596 literae
790 543 803 611 i}

87 615 275 686 autographae
286 621 433 669 ostentant.
471 616 502 666 ln
512 617 611 684 quibus
620 616 803 686 identiden,t

87 691 197 762 aliquos
205 707 345 760 nunquam
360 691 501 742 soluturos
515 691 671 757 significare
683 691 757 756 vult,
775 693 804 742 el

86 767 175 819 leudes
190 765 307 817 &oecos
320 767 448 816 wluturoe
462 765 514 827 ait3
539 770 568 816 et
581 779 664 831 quum
678 763 804 818 bortatur

85 841 171 892 renda
181 856 240 901 esse
250 840 413 908 praesentia,
425 839 626 908 qualiacunque
635 839 701 904 sint,
709 838 804 892 Gentes

85 913 206 966 maslot·
221 913 336 975 Catum
359 920 388 965 et
402 913 438 965 ad
451 913 654 981 exprimendam
674 914 804 966 festinata

84 989 272 1053 velocitatem,
282 987 393 1041 nebeim
403 1003 482 1055 quom
491 986 620 1058 asparagi
627 997 783 1055 coquantur.

84 1062 127 1115 uit
136 1063 246 1115 nsldue
256 1069 285 1115 et
293 1078 343 1131 pro
354 1063 439 1114 stulto
450 1062 598 1126 linteolum,
609 1067 638 1114 et
646 1078 697 1130 pro
708 1062 804 1131 pullo1

83 1136 194 1201 ιἰοωηι,
206 1144 234 1189 et
243 1152 293 1206 pro
305 1137 406 1190 cerrito
415 1152 588 1200 saumatam,
603 1143 631 1188 et
640 1136 734 1204 sapide
744 1154 771 1189 ee
780 1136 804 1189 ll

83 1227 135 1279 pro
145 1213 221 1275 mab,
233 1217 261 1263 et
271 1211 385 1264 lets‘zare
394 1227 445 1279 pro
456 1211 593 1280 languere,
605 1212 680 1281 quod
690 1212 774 1281 vulgo
784 1213 804 1264 lt

83 1285 299 1338 ulaoredioitur:
318 1286 383 1337 item
393 1283 473 1336 amus
483 1300 533 1352 pro
543 1301 643 1348 sumus,
659 1291 688 1338 et
703 1287 804 1353 demost

83 1361 141 1411 tivo
153 1375 221 1411 casu
234 1360 369 1428 singulari
381 1375 432 1428 pro
448 1360 546 1411 domat.
584 1359 642 1412 Nee
655 1373 778 1430 unquam
793 1376 804 1412 a

83 1429 152 1486 haee
161 1434 230 1499 duo,
250 1450 284 1486 ne
299 1436 360 1504 quis
374 1434 499 1487 mendam
510 1434 597 1502 magis
608 1449 691 1504 quam
702 1449 804 1489 consue

83 1523 144 1564 uem
154 1514 239 1577 putet.
277 1508 381 1562 Notavi
393 1515 421 1562 et
433 1509 463 1560 in
474 1507 655 1577 chirographo
667 1511 728 1562 eius
737 1510 804 1580 illa}

84 1584 175 1652 dpue:
195 1599 251 1636 non
261 1584 361 1636 dividit
369 1585 466 1649 verba,
486 1599 537 1635 neo
551 1585 585 1635 ab
596 1589 804 1654 extremaparte

83 1673 163 1710 slsum
173 1659 344 1711 abundantes
353 1659 448 1711 literas
458 1659 487 1710 in
493 1658 608 1710 alterum
617 1658 759 1726 transfert,
765 1660 804 1714 set*

83 1731 144 1785 dem
154 1735 247 1784 statim
258 1733 370 1785 subiicit
380 1733 619 1801 circumducitque.

138 1806 317 1859 LXXXVIII.
342 1805 585 1877 Orthographiam,
604 1807 706 1872 idest,
727 1808 804 1861 formo

98 1881 272 1949 ationemqne
283 1882 421 1933 scribendi
431 1881 639 1950 agrammatiais
648 1882 804 1936 institutam

84 1955 153 2007 adeo
170 1955 314 2019 custodiit3
339 1971 372 2007 ao
384 1956 493 2008 videtur
506 1971 601 2007 eorum
612 1957 708 2024 potius
722 1959 802 2028 sequi

81 2030 201 2094 monem,
214 2031 262 2099 qui
271 2031 384 2098 perinde
395 2030 575 2094 scribendum,
587 2045 621 2080 ac
631 2030 804 2101 loquendum,

83 2104 201 2155 stimant.
240 2104 312 2156 Nam
332 2105 406 2173 quod
420 2121 502 2172 saepe
516 2120 572 2156 non
591 2104 688 2156 literas
708 2107 805 2173 modo,

83 2179 207 2247 syllabas
221 2184 270 2230 aut
282 2185 421 2249 permutat
434 2185 483 2232 aut
495 2180 638 2248 praeterit,
659 2183 805 2233 eommunis

82 2255 187 2305 minum
207 2270 285 2306 error
302 2260 352 2307 est
389 2253 448 2307 Neo
464 2270 516 2321 ego
534 2253 565 2304 id
579 2261 720 2321 notarem,
740 2256 797 2308 niel

82 2329 181 2380 mnam
190 2329 336 2394 videretur,
346 2329 496 2381 tradidisse
505 2328 623 2397 aliquos,
635 2328 729 2396 legato
740 2346 803 2383 euna

82 2403 170 2455 sularl
179 2419 365 2456 successorem
375 2403 496 2468 dedisse,
511 2409 543 2455 ut
551 2403 616 2455 rudi
625 2410 653 2455 et
662 2403 805 2470 indoctus

82 2493 166 2529 manu
176 2477 217 2530 ixi
224 2494 275 2547 pro
285 2477 339 2546 ipsi
345 2479 477 2547 seriptum
488 2478 728 2531 animadverterit..
762 2481 805 2543 Qu

84 2559 174 2605 antem
184 2569 234 2621 per
243 2559 325 2606 uotae
335 2554 441 2618 scribit,
453 2553 468 2605 b
478 2568 529 2621 pro
540 2568 566 2618 a,
577 2569 653 2621 epto
665 2553 692 2618 b,
705 2568 740 2606 ao
749 2553 805 2608 deu

83 2626 179 2678 eadem
188 2628 298 2682 ratione
307 2634 451 2696 sequentes
465 2627 561 2681 literas
574 2628 666 2697 ponlt‚
687 2643 739 2698 pro
754 2644 804 2683 aa

80 2700 182 2768 duplex
192 2716 218 2754 a.
437 2710 441 2717 “
