1874 3060
109 194 159 249 SM
390 197 418 242 C.
440 193 625 245 snssromr

146 319 218 371 Ean:
228 316 330 370 hiidem
340 317 383 370 bic
392 316 466 370 ducit
473 315 629 380 mimeram,
640 331 720 383 purte:
728 316 782 369 s'lls's
787 319 880 386 placet,

149 393 205 458 Qui
212 393 283 445 vobis
292 391 418 444 colomis
427 392 687 459 etpopwldplocmt:

149 468 268 532 Quorum
278 468 357 534 epus
365 466 394 518 iu
404 467 475 528 bello,
486 465 515 518 ἑτι
525 465 587 530 otio,
598 465 627 518 ir:
636 465 752 536 aegelric,

147 542 201 594 Sco
212 541 320 609 quisque
331 550 444 608 tempore
453 539 502 592 sisu
512 546 546 592 ’st
553 539 609 592 sine
617 538 747 608 suptrbs'a.

108 616 227 668 Videtur
246 622 336 668 autem
356 632 385 667 se
404 614 491 666 levius
511 613 681 680 defendisse,
703 615 770 684 quia
789 615 899 680 sciebat,

109 690 208 743 Laelio
223 696 251 742 et
265 690 389 756 Scipioni
401 705 457 741 non
470 690 608 756 ingratam
625 704 684 742 esse
704 687 777 741 banc
796 690 899 758 opinio-

109 781 189 818 nem:
210 780 280 832 quae
289 771 381 816 tamen
390 764 478 831 magis
488 770 516 817 et
523 778 610 831 usque
621 763 657 815 od
669 764 829 832 posteriora
837 770 899 816 tem·

109 854 180 907 pora
188 839 284 891 valuit.

165 913 213 964 Ill.
235 914 268 974 Q.
279 913 424 965 Memmius
434 914 463 964 in
474 913 600 965 oratioue
610 928 660 981 pro
672 929 701 965 se
712 914 766 964 ait:
783 910 816 963 P.
827 911 899 983 Afri·

111 1003 204 1050 canos,
221 987 267 1053 qui
279 1004 296 1039 a
310 985 433 1039 Terentio
444 1002 584 1055 personam
596 994 745 1050 mutuante,
758 1002 827 1054 puae
836 985 903 1038 domi

111 1063 211 1114 luserat
223 1062 289 1129 titre,
304 1062 408 1114 nomiae
420 1061 490 1113 illius
503 1061 532 1114 in
549 1076 652 1114 :cmm
669 1061 773 1113 detulit.
812 1060 901 1129 Nepos

111 1143 226 1188 auctore
246 1142 320 1188 certo
337 1137 501 1203 comperisse
515 1151 545 1187 se
560 1136 612 1200 ait,
634 1136 664 1187 C.
674 1134 805 1188 Laelium
820 1150 902 1205 quon·

112 1211 176 1262 darn
188 1211 219 1261 in
231 1209 386 1262 Puteolano
399 1209 533 1262 Kalendis
547 1209 657 1262 Martiis
678 1210 851 1262 admonitum
870 1210 902 1261 eb

110 1299 212 1348 uxore,
224 1283 375 1350 temporius
387 1290 420 1335 ut
434 1284 629 1350 discumberet,
644 1285 758 1353 petiisse
769 1285 805 1336 ab
815 1300 861 1349 ea,
871 1298 903 1336 ne

110 1357 349 1426 interpellaretur:
369 1359 457 1410 serius
471 1358 581 1410 tandem
590 1359 746 1426 ingressum
754 1359 902 1412 triclinium

111 1432 223 1496 dhisse,
229 1447 284 1484 non
293 1433 409 1499 saepein
418 1433 561 1484 scribendo
567 1434 656 1501 magis
665 1434 834 1486 successisse
839 1433 901 1485 sibi:

111 1507 210 1559 deinde
229 1513 364 1574 rogatum,
383 1513 416 1559 ut
435 1508 538 1576 scripta
555 1507 606 1558 illa
624 1507 770 1575 proferret,
785 1522 901 1575 pronun·

113 1582 202 1633 ciasm
211 1596 315 1646 versus,
327 1581 375 1649 qui
384 1583 486 1632 suntin
495 1582 812 1635 Heautontimorumeno
825 1600 833 1634 :

149 1654 275 1723 tempti
283 1664 406 1722 proterve
415 1656 457 1707 me'
466 1655 664 1725 Syripromr'ssa
674 1655 726 1709 bue
735 1656 901 1710 :summm

166 1729 214 1781 IV.
245 1730 345 1782 Santra
365 1731 523 1782 Terentium
548 1731 699 1796 existimat,
725 1732 751 1782 si
774 1732 859 1784 modo
876 1732 902 1782 in

111 1804 255 1856 scribendo
268 1805 441 1856 adiutoribus
451 1805 668 1872 indigueritnon
677 1811 736 1856 tam
742 1805 872 1874 Scipione
879 1812 903 1856 et

111 1878 210 1930 Laelio
229 1880 273 1929 uti
291 1879 427 1946 potuisse,
448 1880 496 1945 qui
513 1885 580 1930 tunc
602 1879 805 1932 adolescentuli
822 1880 901 1943 fuere,

112 1968 194 2018 quam
209 1952 332 2019 Sulpicio
344 1952 440 2016 Gallo,
456 1951 565 2005 homine
576 1953 672 2019 docto,
683 1955 770 2022 etqui
781 1954 902 2007 consula-

111 2026 188 2076 ribus
201 2025 274 2076 ludis
288 2027 397 2078 britium
407 2026 504 2079 fecerit
514 2027 670 2080 fabularum
680 2028 849 2094 dandarum,
862 2027 903 2079 rel

114 2100 147 2160 Q.
158 2099 247 2152 Fabio
258 2099 390 2153 Labeone
400 2107 428 2154 et
440 2100 479 2152 M.
490 2100 625 2170 Popillio,
637 2103 780 2154 consulari
788 2109 902 2172 utroque

113 2189 145 2225 ac
155 2179 246 2241 poeta.
285 2174 350 2227 ldeo
365 2175 455 2243 ipsum
469 2190 525 2227 non
540 2176 651 2229 iuvenes
666 2177 839 2245 designasse,
859 2173 904 2243 qui

112 2264 141 2300 se
156 2249 294 2300 adiuvisse
308 2250 475 2315 dicerentur,
496 2250 543 2303 sed
558 2252 645 2315 viros,
662 2267 781 2320 quorum
796 2266 903 2318 operam

112 2324 183 2374 etin
196 2323 269 2376 bello
289 2331 316 2376 et
329 2325 359 2376 in
373 2325 431 2377 otio
451 2332 478 2377 et
494 2325 524 2376 in
541 2326 653 2392 negotio
668 2326 790 2394 populns
808 2327 846 2378 sit
862 2338 903 2377 ex·

111 2403 214 2464 portus.

167 2471 237 2523 Post
251 2472 339 2524 editos
354 2473 525 2538 comoedias,
540 2474 661 2526 nondum
680 2476 806 2541 quintum
827 2480 905 2542 atque

111 2547 280 2612 trigesimum
292 2563 417 2614 egressus
428 2563 536 2613 annum,
549 2564 632 2600 eausa
642 2549 789 2601 evitandae
801 2549 905 2616 opinio·

111 2621 167 2682 uis,
183 2621 250 2688 quia
259 2621 404 2673 videbatur
418 2623 508 2673 aliena
522 2639 573 2690 pro
590 2624 647 2674 suls
658 2623 751 2688 edere,
762 2622 904 2692 scuperci-

112 2695 205 2760 piendi
216 2694 383 2748 Graecorum
396 2697 524 2748 instituto
537 2710 694 2767 moresque,
711 2713 783 2767 quos
795 2697 905 2767 perinde
