1822 3068
85 288 138 342 Μ
365 291 393 337 C.
418 288 599 338 SllE'l'oNll

86 414 199 467 ieeitlit.
235 412 370 478 Fuerunt,
388 412 438 482 qui
454 412 714 480 interpretarentur,
732 426 775 466 uo]

88 490 258 558 siguificare,
278 503 360 558 quam
369 488 435 538 ntia
445 487 529 552 orio,
549 487 628 537 euiua
641 487 752 555 inrigua
760 489 775 539 l

87 564 253 633 quaudoque
262 564 289 615 ei
297 563 486 614 aulileeretur.
513 560 593 630 Apud
602 560 737 613 Mundam
747 562 774 614 1)

17 640 23 649 ’
87 639 186 690 eastris
195 638 287 689 locum
297 638 420 705 capient,
441 652 524 704 quum
533 635 632 687 alivum
642 637 772 690 taederet

85 728 144 765 rem
153 713 263 782 palmae
271 718 406 780 repertam
417 710 588 774 eouaerrarl,
602 716 635 762 ut
644 726 726 765 omen
734 713 775 764 rie

85 789 180 839 inanit:
200 800 281 838 exea
295 787 424 838 continuo
439 791 521 836 enata
533 784 646 837 subolet
661 786 734 839 adeo
743 786 773 838 ln

86 862 183 914 diebus
194 861 323 926 adolevit,
328 866 360 911 ut
367 874 424 911 uon
435 860 629 928 aequipararet
636 860 775 913 modoma'

85 950 179 988 verum
189 936 272 986 etiam
283 934 435 1003 obtegeret,
450 932 725 1003 frequentareturque
739 936 775 988 eol

85 1025 146 1062 rum
160 1009 247 1072 uidia3
267 1010 391 1076 quamvis
404 1008 434 1060 id
449 1009 540 1060 avium
554 1018 640 1075 geum
654 1009 775 1062 durant

85 1098 145 1137 ram
155 1082 279 1135 ironiam
289 1084 407 1135 maxime
416 1084 492 1135 vitet.
510 1082 562 1133 lllo
573 1084 775 1153 etpraeoipuet

84 1163 190 1210 motum
201 1159 345 1210 Caesarem
354 1156 457 1222 ierunt,
476 1170 511 1208 ne
525 1171 605 1224 quem
619 1157 707 1209 allum
721 1159 775 1211 aibl

86 1232 163 1297 dere,
188 1248 270 1301 quum
294 1233 399 1284 sororia
422 1237 562 1299 nepotem,
587 1231 679 1283 vellet.
718 1233 775 1284 lut

84 1307 249 1375 Apolloniae
257 1305 413 1374 Theogenis
423 1303 610 1356 mathematici
622 1306 767 1374 pergulam

84 1382 205 1450 Agrippa
216 1380 382 1432 ascenderat.
411 1378 501 1440 Quum
511 1379 656 1447 Agrippae,
667 1383 718 1448 qul
727 1383 775 1450 pri·

84 1455 205 1519 tollebat,
219 1469 319 1522 magua
328 1460 451 1523 etpaene
460 1454 634 1505 incredibilia
643 1456 775 1520 praediea

83 1530 199 1582 reticere
208 1530 268 1599 ipre
276 1530 429 1597 genituram
440 1543 531 1592 auam,
551 1543 601 1580 nee
613 1529 685 1581 velle
695 1530 775 1584 edere

83 1604 206 1670 terebat,
216 1611 291 1657 metu
301 1619 334 1655 ae
343 1603 456 1672 pudore,
467 1619 501 1655 ne
510 1603 602 1655 minor
609 1603 775 1658 inveniretur

83 1684 176 1732 tamen
190 1685 255 1748 poat
266 1679 367 1731 multae
382 1676 589 1730 adhortationes
602 1677 650 1728 rix
669 1684 699 1730 et
718 1694 775 1732 eum

85 1754 173 1819 edita,
189 1755 302 1807 exsiluit
313 1752 486 1821 Theogenes,
502 1751 683 1819 adoravitque
692 1768 765 1807 eum.

13 1834 18 1838 ’
82 1835 140 1881 tam
159 1844 224 1881 mor
243 1829 372 1879 fiduciam
390 1827 443 1878 fati
456 1827 591 1894 Augustus
606 1824 716 1893 habult,
736 1835 769 1881 ut

84 1918 163 1955 auum
172 1903 333 1970 vulgaverit,
339 1916 530 1968 nummumque
541 1907 773 1968 argenteumnota

84 1977 256 2044 Capricorni,
268 1991 323 2044 quo
334 1981 474 2039 natusest,
484 1977 659 2043 percurrerit.

138 2048 223 2102 XCV.
241 2049 311 2102 Post
319 2066 412 2102 ueoem
419 2051 554 2114 Caesario,
564 2065 674 2102 reverto
687 2052 775 2121 abAp

85 2124 290 2193 etiugredlente
300 2124 451 2189 eoUrbem,
462 2130 580 2193 repente,
591 2123 700 2192 liquido
712 2142 775 2196 aep*

82 2213 159 2263 reno,
171 2200 289 2252 circulus
300 2199 335 2250 ai
344 2200 461 2268 speeiem
473 2199 600 2251 eoelestia
610 2214 691 2252 mena
702 2202 775 2255 orbe1

83 2275 193 2337 ambllt;
214 2290 247 2326 ae
260 2275 376 2327 subinde
389 2274 476 2326 iuliae
487 2273 614 2326 Caesarie
629 2275 705 2327 tiliae
718 2292 775 2329 mor

82 2357 140 2402 tum
159 2348 274 2403 fulmine
286 2351 371 2402 ictum
386 2354 436 2401 eat.
474 2348 567 2400 Primo
583 2355 673 2401 autern
689 2366 775 2403 contu

82 2426 227 2493 augurium
239 2425 358 2493 capienti
368 2424 512 2476 duodecim
522 2439 552 2475 ee
561 2423 692 2488 vultures,
703 2432 737 2477 ut
745 2426 775 2477 R<

82 2500 272 2563 ostenderunt,
291 2506 319 2552 et
331 2498 487 2551 immolanti
505 2498 626 2551 omnium
644 2499 775 2553 riotimar

83 2574 179 2627 olnora
191 2574 326 2643 replicate
337 2574 502 2625 intriumeor
516 2574 551 2625 ab
560 2573 619 2624 lma
626 2573 700 2625 libra
708 2588 775 2643 perr

81 2650 190 2701 nemine
198 2650 350 2719 peritorum
361 2648 442 2701 aliter
451 2648 635 2713 oomeetmee,
647 2662 732 2718 qnam
740 2648 775 2701 lm

82 2720 151 2775 haee
160 2722 443 2793 etmaguaportenil.

136 2796 234 2851 xcvi.
254 2798 328 2863 Quin
347 2804 376 2851 et
392 2797 528 2863 bellorum
543 2796 665 2850 omnium
677 2804 775 2852 eventu
