1874 3060
172 178 283 225 OTHO.
318 179 398 227 CAP.
418 182 500 228 3-6.
681 178 732 233 201

46 298 121 351 lieni.
159 299 255 371 Neque
268 302 340 354 enim
354 302 558 368 dissimulabat,
569 303 623 356 nisi
630 304 731 372 ederi·

46 396 48 405 ν
60 382 132 426 stare
141 390 275 442 conpesce
284 393 298 438 ,·
317 376 434 444 sititque
446 376 560 448 referre,
575 379 608 430 sb
619 378 692 432 toste
700 380 731 431 s'rs

46 447 159 520 tiuforo
170 450 216 501 sub
226 450 398 503 nectemus
408 452 521 504 cederet.
545 452 730 521 Antepaucos

46 537 90 574 rvo
101 523 228 575 Caesaris
242 540 293 593 pro
307 526 455 595 impetrata
469 527 674 595 dispensatione
684 528 730 581 de·

46 598 171 649 stertium
185 608 364 666 expresserat.
403 601 472 652 Hoc
484 600 639 653 subsidium
657 602 731 655 tanti

46 671 108 724 luit.
145 673 185 724 Ac
194 674 282 741 primo
295 676 416 743 quinque
424 676 647 743 speculatoribus
656 691 729 728 com-

46 754 77 798 st
85 762 141 811 res,
153 747 251 800 deinde
261 749 354 811 decem
365 749 441 814 eliis,
452 766 523 819 quos
536 750 640 819 singuli
648 751 729 803 binos

46 828 145 873 erent:
161 823 288 875 omnibus
298 823 370 874 dena
379 825 506 877 sestertia
514 832 729 894 repraesentata,

46 898 324 965 quagenapromissa.
342 895 397 949 Per
405 896 457 950 hos
466 899 612 953 sollicitati
619 900 730 968 reliqui,

46 985 69 1021 ro
79 971 172 1035 multi,
187 970 262 1023 haud
276 972 360 1024 dubis
373 973 488 1039 fiducia,
500 974 532 1025 in
543 974 606 1042 ipso
615 975 729 1044 negotio

46 1043 188 1098 affuturos.
600 1084 604 1093 ·

64 1119 180 1172 'l'uleret
193 1121 312 1186 enimus,
321 1127 387 1189 post
396 1122 574 1190 adoptionem
582 1123 677 1175 stetim
686 1138 730 1175 ce·

46 1209 157 1262 cupane,
173 1205 386 1266 coenantemque
393 1197 425 1248 in
433 1197 544 1250 Palatio
555 1197 673 1250 Galbam
684 1212 730 1265 sg-

64 1269 113 1320 sed
133 1271 242 1323 obstitit
260 1286 400 1338 respectus
419 1271 554 1338 cohortis,
575 1288 647 1342 quae
664 1279 731 1325 tunc

46 1344 104 1409 bet,
114 1356 149 1397 ue
161 1352 320 1397 oneraretur
328 1346 447 1410 invidie,
458 1347 533 1416 qnod
542 1347 665 1400 eiusdem
674 1356 730 1400 sta·

46 1417 150 1471 tGaius
159 1419 250 1472 irrorat
260 1421 378 1484 occisus,
389 1426 417 1472 et
425 1421 551 1473 desertus
559 1421 643 1474 Nero.
671 1422 730 1474 Me-

46 1508 153 1563 quoque
175 1501 281 1562 tempus
304 1495 403 1561 religio
423 1502 452 1546 et
470 1494 601 1546 Seleucus
620 1497 729 1547 exemit.

46 1567 174 1620 testinata
192 1569 248 1633 die,
269 1569 449 1637 praemonitis
468 1569 599 1633 consciis,
612 1575 645 1621 ut
657 1585 687 1620 se
701 1569 731 1620 in

46 1643 66 1694 b
77 1643 145 1694 uede
155 1642 267 1694 Saturni
282 1643 316 1694 od
330 1643 490 1694 milliarium
501 1650 614 1695 aureum
623 1643 731 1711 opperi-

58 1732 138 1768 mane
149 1716 265 1769 Galbam
276 1718 425 1781 salutarim
443 1723 529 1786 utque
539 1724 730 1781 consueverat,

50 1799 189 1860 exceptus,
200 1793 283 1844 etiam
293 1792 461 1844 sacrificanti
468 1790 602 1856 interfuit,
613 1791 731 1844 audieu-

46 1867 158 1918 cedicta
176 1864 340 1935 haruspicis.
379 1866 495 1920 ·Deinde
513 1867 613 1919 liberto
634 1866 731 1919 adesse

46 1948 109 1993 ctos
137 1943 297 2006 nunciante,
327 1942 403 2010 quod
425 1943 534 2009 signum
557 1948 730 2006 convenerat,

46 2016 161 2069 uenalem
176 2017 287 2068 domum
300 2017 474 2085 inspecturus
488 2018 631 2084 abscessit,
641 2017 733 2088 prorsa

46 2106 57 2143 e
80 2107 110 2143 se
133 2091 242 2160 postica
263 2098 342 2159 perte
364 2089 469 2143 Palatii
487 2093 524 2144 ad
542 2095 731 2157 constitutum.

46 2180 115 2218 ›rem
128 2165 272 2217 simulasse
287 2166 376 2230 aiunt,
395 2180 509 2234 eumque
528 2169 732 2220 excusationem

46 2240 78 2291 ris
91 2239 249 2305 mandasse,
267 2240 294 2291 si
305 2247 491 2309 quaereretur.
529 2243 608 2293 Tunc
621 2241 732 2293 abditus

46 2314 204 2367 emuliebri
216 2313 286 2367 sella
298 2315 328 2366 in
341 2320 434 2367 cestre
447 2316 604 2368 contendite
624 2330 658 2366 ac
666 2312 733 2365 defl-

46 2404 80 2441 us
94 2389 254 2454 lecticariis,
275 2404 360 2458 quum
373 2390 557 2443 descendisset
570 2401 733 2455 cursumque

46 2471 73 2529 t,
88 2463 184 2515 laxato
200 2464 292 2516 calceo
305 2464 420 2529 restitit,
431 2464 531 2528 donec,
544 2462 646 2515 omissa
654 2475 733 2512 mora

46 2540 127 2604 latus,
141 2546 170 2591 et
183 2554 201 2589 a
213 2545 356 2607 praesente
361 2539 502 2592 'comitatu
509 2538 660 2606 imperator
670 2549 733 2587 eou-

46 2628 102 2678 ns,
122 2613 195 2667 inter
212 2612 320 2666 faustas
338 2613 551 2666 acclamationes
569 2611 735 2678 strictosque

46 2704 56 2741 s
70 2688 107 2751 ad
120 2688 258 2758 principie
270 2688 390 2754 devenit,
403 2687 485 2739 obvio
496 2700 606 2756 quoque
619 2701 676 2739 non
685 2684 735 2738 aii·
