1874 3060
200 204 390 252 tinnulus
424 203 504 251 GAP.
520 207 639 252 tn-at.
765 204 817 259 ss!

50 327 191 395 'cogendo
201 326 238 378 ad
246 326 445 379 restituendam
453 325 610 379 liberatem
618 328 742 395 Angusto
752 345 816 398 spe·

49 408 79 465 ιτς
97 401 201 454 deinde
211 408 240 453 et
247 402 278 452 in
287 400 412 467 reliquis.
449 400 538 452 lnliae
550 402 634 453 uxori
646 408 754 455 tantum
767 406 815 459 ab·

49 477 83 541 it,
91 482 127 528 nt
135 475 290 543 relegatae,
301 474 376 540 quod
386 474 529 525 minimum
537 481 592 539 est,
607 476 695 527 officii
707 484 757 528 ant
765 476 814 531 hu·

49 551 161 602 mutis
171 548 279 616 aliquid
288 549 454 614 impertiret,
472 555 506 600 ut
513 564 548 600 ex
559 551 757 603 constitutione
764 566 813 618 pa-

49 624 66 675 ir
82 639 142 675 uno
164 623 269 690 oppido
290 622 425 686 clansam,
445 623 529 674 domo
549 639 659 691 quoqne
677 624 773 693 egredi
785 633 815 679 et

50 699 183 750 mrcio
202 696 344 749 hominnm
363 697 421 748 frui
438 698 568 749 vetuerit=
592 699 642 750 sed
661 706 690 751 et
701 699 811 766 peculio

49 787 148 824 noeaso
159 787 178 823 a
186 778 279 838 patre,
295 771 481 838 praebitisque
491 772 590 823 annuis
599 772 751 838 fraudavit,
762 789 812 841 per

48 846 134 899 odem
142 846 251 912 publici
260 845 342 908 iuris,
357 845 433 912 quod
441 844 512 896 nihil
525 845 561 898 do
569 844 613 898 iis
622 847 762 915 Angustus
770 856 811 902 te-

48 927 150 973 nente
162 919 291 972 cavisset.
328 919 448 971 Matrem
457 918 568 971 Liviam
577 928 721 988 meatus,
735 923 811 976 velnt

48 1000 106 1046 stes
117 995 174 1045 sibi
184 1008 289 1060 aequas
297 995 438 1060 potentino
446 993 674 1059 vindicantem,et
682 1012 811 1065 congres-

47 1083 73 1119 ι
80 1068 144 1120 eius
155 1067 299 1119 assiduum
307 1069 417 1131 vitavit,
438 1073 467 1120 et
480 1068 621 1134 longiores
635 1071 810 1124 secretiores·

47 1156 231 1205 cremonen,
245 1156 281 1193 ne
291 1142 351 1193 eins
361 1141 499 1206 consiliis,
515 1142 615 1208 quibus
624 1149 717 1196 tanton
725 1145 809 1197 inter-

47 1231 74 1266 ιι
88 1222 119 1268 et
131 1231 214 1283 egere
228 1216 310 1267 etuti
328 1215 449 1280 solebat,
468 1217 530 1283 regi
546 1217 693 1269 videretirr.
732 1218 810 1270 'l‘rrlit

47 1305 95 1341 nr
114 1290 287 1357 perindigne,
308 1295 400 1341 actnnr
420 1305 438 1341 a
457 1297 566 1353 senatu,
587 1298 619 1342 nt
636 1291 727 1345 titulis
740 1294 808 1357 suls,

46 1365 91 1415 ssi
100 1364 229 1431 Augusti,
239 1365 282 1415 ita
291 1370 319 1415 et
327 1363 426 1416 Liviae
436 1364 511 1415 filins
521 1364 695 1418 adficeretur.
716 1367 809 1429 Quare

47 1447 216 1507 npurentem
221 1437 329 1505 patrr'oe
340 1438 487 1504 appellari,
507 1454 564 1491 non
576 1439 666 1490 ullum
673 1441 809 1509 insignem

47 1526 146 1566 norem
154 1513 279 1578 recipere
289 1511 399 1578 publice
407 1519 561 1580 passnsest.
582 1512 638 1564 Sed
647 1519 675 1564 et
682 1513 808 1582 frequen·

45 1602 53 1637 .-
70 1586 231 1650 admonuit,
251 1585 394 1638 maioribus
406 1603 455 1639 nee
461 1586 583 1657 seminar
601 1587 809 1639 ascendentibus

45 1660 126 1730 petiis
135 1660 298 1721 alomenu
308 1661 455 1727 praecipuo
464 1668 496 1712 ut
505 1660 707 1725 animadvertit,
717 1661 809 1713 ineen-

45 1735 151 1787 oiuta
160 1735 256 1787 aedem
267 1733 368 1787 Vestae
377 1742 405 1786 ot
413 1735 504 1801 ipsam
513 1735 705 1800 intervenisse,
721 1749 809 1802 popu-

45 1823 123 1876 nqno
132 1809 285 1873 etmilites,
301 1824 355 1876 qno
366 1809 474 1861 enixius
484 1824 564 1876 opem
577 1807 692 1874 ferrent,
709 1806 809 1861 adhor-

45 1888 107 1947 lu,
117 1884 251 1935 ricutsub
262 1884 362 1936 marito
372 1883 458 1936 solita
467 1889 548 1936 osset.

64 1954 114 2009 Ll.
134 1956 244 2009 Dehinc
253 1957 289 2009 ad
303 1957 470 2009 simultatem
482 1973 569 2024 nsque
582 1959 732 2024 processit,
746 1956 808 2023 lrao,

50 2029 304 2096 iermrtdoeausn.
337 2031 456 2083 hnanti
464 2032 584 2098 saepius,
594 2039 627 2084 ut
637 2033 748 2085 civitate
758 2033 807 2085 do·

44 2110 105 2157 tuni
118 2107 149 2157 in
170 2105 298 2157 decurias
312 2105 455 2172 allegeret,
474 2107 586 2172 negavit
600 2107 656 2159 alia
670 2123 699 2159 so
714 2108 809 2161 condi·

44 2192 88 2233 ine
98 2180 275 2244 allecturum,
287 2195 369 2245 qnam
380 2180 405 2230 si
415 2185 554 2245 pateretur
565 2182 668 2233 ascribi
678 2181 752 2245 albo,
764 2198 808 2233 ex·

43 2260 112 2305 ntur
130 2253 161 2305 id
178 2253 231 2305 rili
248 2269 267 2304 a
285 2262 379 2305 orave.
417 2253 454 2304 At
465 2253 516 2305 illa
530 2262 681 2318 commota,
701 2260 808 2306 veteres

43 2328 147 2380 rosdam
161 2329 199 2380 ad
213 2344 243 2380 se
256 2328 374 2396 Augusti
392 2327 537 2380 codicillos
557 2329 591 2381 de
611 2328 762 2381 acerbitate
780 2333 809 2377 et

43 2401 192 2454 tolerantia
210 2418 318 2454 morum
338 2403 397 2455 eius
417 2418 432 2454 e
452 2404 575 2455 sacrario
595 2401 712 2469 protulit
725 2406 807 2466 atque

44 2476 148 2529 citavit.
177 2477 241 2529 llos
250 2483 279 2529 et
289 2477 444 2529 custoditos
453 2483 510 2528 tam
521 2478 577 2541 diu,
589 2483 617 2528 et
625 2475 809 2542 exprobratos

43 2564 69 2600 ιιι
76 2550 185 2618 infeste,
197 2551 268 2603 adeo
278 2553 399 2618 graviter
407 2551 480 2616 tulit,
490 2558 522 2602 ut
531 2550 643 2619 quidm
652 2553 757 2616 putent,
767 2548 809 2599 in·

42 2639 56 2674 r
73 2641 173 2678 ansas
192 2641 318 2679 secessus
337 2624 409 2678 hano
427 2627 454 2678 ei
466 2626 511 2678 vel
523 2625 700 2692 praecipuam
713 2621 808 2675 inisse.

42 2706 87 2754 oto
98 2702 210 2769 quidem
220 2701 354 2768 triennio,
370 2716 425 2770 quo
435 2702 542 2755 vivente
552 2706 640 2752 matre
651 2696 753 2763 about,
768 2712 810 2751 re·
