<?xml version="1.0" encoding="UTF-8"?>
<!DOCTYPE html PUBLIC "-//W3C//DTD XHTML 1.0 Transitional//EN"
    "http://www.w3.org/TR/xhtml1/DTD/xhtml1-transitional.dtd">
<html xmlns="http://www.w3.org/1999/xhtml" xml:lang="en" lang="en">
 <head>
  <title>
</title>
<meta http-equiv="Content-Type" content="text/html;charset=utf-8" />
  <meta name='ocr-system' content='tesseract 3.04.00' />
  <meta name='ocr-capabilities' content='ocr_page ocr_carea ocr_par ocr_line ocrx_word'/>
</head>
<body>
  <div class='ocr_page' id='page_1' title='image "./csuetoniitranqu00trangoog_0285.png"; bbox 0 0 1874 3060; ppageno 0'>
   <div class='ocr_carea' id='block_1_1' title="bbox 108 202 623 257">
    <p class='ocr_par' dir='ltr' id='par_1_1' title="bbox 108 202 623 257">
     <span class='ocr_line' id='line_1_1' title="bbox 108 202 623 257; baseline -0.014 0"><span class='ocrx_word' id='word_1_1' title='bbox 108 206 157 257; x_wconf 76' lang='lat'><strong>27²</strong></span> <span class='ocrx_word' id='word_1_2' title='bbox 384 203 411 249; x_wconf 76' lang='lat' dir='ltr'><strong>C.</strong></span> <span class='ocrx_word' id='word_1_3' title='bbox 436 202 623 251; x_wconf 71' lang='lat' dir='ltr'><strong>sunium!</strong></span> 
     </span>
    </p>
   </div>
   <div class='ocr_carea' id='block_1_2' title="bbox 104 320 910 1880">
    <p class='ocr_par' dir='ltr' id='par_1_2' title="bbox 104 320 908 1805">
     <span class='ocr_line' id='line_1_2' title="bbox 108 320 903 393; baseline -0.005 -12"><span class='ocrx_word' id='word_1_4' title='bbox 108 329 231 381; x_wconf 87' lang='lat' dir='ltr'><strong>oblatam</strong></span> <span class='ocrx_word' id='word_1_5' title='bbox 242 341 260 378; x_wconf 93' lang='lat' dir='ltr'><strong>a</strong></span> <span class='ocrx_word' id='word_1_6' title='bbox 269 326 525 378; x_wconf 70' lang='lat' dir='ltr'><strong>Tarraconensibus</strong></span> <span class='ocrx_word' id='word_1_7' title='bbox 534 342 550 378; x_wconf 89' lang='lat' dir='ltr'><strong>e</strong></span> <span class='ocrx_word' id='word_1_8' title='bbox 558 331 651 378; x_wconf 79' lang='lat' dir='ltr'><strong>vetere</strong></span> <span class='ocrx_word' id='word_1_9' title='bbox 660 323 765 393; x_wconf 79' lang='lat' dir='ltr'><strong>templo</strong></span> <span class='ocrx_word' id='word_1_10' title='bbox 773 320 850 376; x_wconf 82' lang='lat' dir='ltr'><strong>lorir</strong></span> <span class='ocrx_word' id='word_1_11' title='bbox 860 338 903 377; x_wconf 85' lang='lat' dir='ltr'><strong>eo·</strong></span> 
     </span>
     <span class='ocr_line' id='line_1_3' title="bbox 107 398 905 469; baseline -0.005 -14"><span class='ocrx_word' id='word_1_12' title='bbox 107 418 204 455; x_wconf 86' lang='lat' dir='ltr'><strong>rouaru</strong></span> <span class='ocrx_word' id='word_1_13' title='bbox 225 416 336 453; x_wconf 87' lang='lat' dir='ltr'><strong>auream</strong></span> <span class='ocrx_word' id='word_1_14' title='bbox 358 400 492 452; x_wconf 86' lang='lat' dir='ltr'><strong>librarum</strong></span> <span class='ocrx_word' id='word_1_15' title='bbox 512 400 669 469; x_wconf 82' lang='lat' dir='ltr'><strong>quindecim</strong></span> <span class='ocrx_word' id='word_1_16' title='bbox 690 398 853 464; x_wconf 60' lang='lat' dir='ltr'><strong>conflueretj</strong></span> <span class='ocrx_word' id='word_1_17' title='bbox 872 412 905 451; x_wconf 77' lang='lat' dir='ltr'><strong>ae</strong></span> 
     </span>
     <span class='ocr_line' id='line_1_4' title="bbox 107 472 904 542; baseline -0.005 -13"><span class='ocrx_word' id='word_1_18' title='bbox 107 484 163 529; x_wconf 74' lang='lat' dir='ltr'><strong>tres</strong></span> <span class='ocrx_word' id='word_1_19' title='bbox 176 476 285 541; x_wconf 81' lang='lat' dir='ltr'><strong>unciae,</strong></span> <span class='ocrx_word' id='word_1_20' title='bbox 308 489 378 542; x_wconf 90' lang='lat' dir='ltr'><strong>quae</strong></span> <span class='ocrx_word' id='word_1_21' title='bbox 393 475 511 542; x_wconf 77' lang='lat' dir='ltr'>ponderi</span> <span class='ocrx_word' id='word_1_22' title='bbox 528 474 654 539; x_wconf 87' lang='lat' dir='ltr'><strong>deerant,</strong></span> <span class='ocrx_word' id='word_1_23' title='bbox 673 474 804 526; x_wconf 79' lang='lat' dir='ltr'><strong>lnealuaet</strong></span> <span class='ocrx_word' id='word_1_24' title='bbox 822 472 904 541; x_wconf 72' lang='lat' dir='ltr'><strong>exigi.</strong></span> 
     </span>
     <span class='ocr_line' id='line_1_5' title="bbox 106 546 904 616; baseline 0.001 -15"><span class='ocrx_word' id='word_1_25' title='bbox 106 551 149 602; x_wconf 79' lang='lat' dir='ltr'><strong>Ea</strong></span> <span class='ocrx_word' id='word_1_26' title='bbox 158 550 235 602; x_wconf 75' lang='lat' dir='ltr'><strong>sarna</strong></span> <span class='ocrx_word' id='word_1_27' title='bbox 244 557 272 602; x_wconf 87' lang='lat' dir='ltr'><strong>et</strong></span> <span class='ocrx_word' id='word_1_28' title='bbox 282 550 445 601; x_wconf 83' lang='lat' dir='ltr'><strong>confirmata</strong></span> <span class='ocrx_word' id='word_1_29' title='bbox 453 556 482 601; x_wconf 90' lang='lat' dir='ltr'><strong>et</strong></span> <span class='ocrx_word' id='word_1_30' title='bbox 491 556 574 601; x_wconf 86' lang='lat' dir='ltr'><strong>aneta</strong></span> <span class='ocrx_word' id='word_1_31' title='bbox 583 546 904 616; x_wconf 65' lang='lat' dir='ltr'><strong>eatutprlmumllrm</strong></span> 
     </span>
     <span class='ocr_line' id='line_1_6' title="bbox 104 622 902 691; baseline -0.005 -14"><span class='ocrx_word' id='word_1_32' title='bbox 104 626 224 677; x_wconf 85' lang='lat' dir='ltr'><strong>introiit.</strong></span> <span class='ocrx_word' id='word_1_33' title='bbox 242 658 246 665; x_wconf 80' lang='lat'><strong>·</strong></span> <span class='ocrx_word' id='word_1_34' title='bbox 262 624 334 675; x_wconf 85' lang='lat' dir='ltr'><strong>Nam</strong></span> <span class='ocrx_word' id='word_1_35' title='bbox 348 638 432 691; x_wconf 82' lang='lat' dir='ltr'><strong>quum</strong></span> <span class='ocrx_word' id='word_1_36' title='bbox 446 623 620 688; x_wconf 70' lang='lat' dir='ltr'><strong>clausimus,</strong></span> <span class='ocrx_word' id='word_1_37' title='bbox 642 637 713 690; x_wconf 80' lang='lat' dir='ltr'><strong>quoa</strong></span> <span class='ocrx_word' id='word_1_38' title='bbox 722 622 800 675; x_wconf 87' lang='lat' dir='ltr'><strong>Nero</strong></span> <span class='ocrx_word' id='word_1_39' title='bbox 814 636 850 675; x_wconf 83' lang='lat' dir='ltr'><strong>ex</strong></span> <span class='ocrx_word' id='word_1_40' title='bbox 862 636 902 673; x_wconf 88' lang='lat' dir='ltr'><strong>re-</strong></span> 
     </span>
     <span class='ocr_line' id='line_1_7' title="bbox 105 696 903 767; baseline -0.003 -16"><span class='ocrx_word' id='word_1_41' title='bbox 105 700 226 767; x_wconf 73' lang='lat' dir='ltr'><strong>migibus</strong></span> <span class='ocrx_word' id='word_1_42' title='bbox 244 699 335 749; x_wconf 80' lang='lat' dir='ltr'><strong>iustos</strong></span> <span class='ocrx_word' id='word_1_43' title='bbox 349 698 451 749; x_wconf 81' lang='lat' dir='ltr'><strong>militer</strong></span> <span class='ocrx_word' id='word_1_44' title='bbox 465 697 581 762; x_wconf 79' lang='lat' dir='ltr'><strong>iecerat,</strong></span> <span class='ocrx_word' id='word_1_45' title='bbox 600 697 693 749; x_wconf 89' lang='lat' dir='ltr'><strong>redire</strong></span> <span class='ocrx_word' id='word_1_46' title='bbox 707 697 744 748; x_wconf 87' lang='lat' dir='ltr'><strong>ud</strong></span> <span class='ocrx_word' id='word_1_47' title='bbox 757 696 903 765; x_wconf 72' lang='lat' dir='ltr'><strong>prinum</strong></span> 
     </span>
     <span class='ocr_line' id='line_1_8' title="bbox 106 770 904 840; baseline -0.005 -14"><span class='ocrx_word' id='word_1_48' title='bbox 106 780 210 826; x_wconf 84' lang='lat' dir='ltr'><strong>etatum</strong></span> <span class='ocrx_word' id='word_1_49' title='bbox 224 772 359 839; x_wconf 71' lang='lat' dir='ltr'><strong>coegerit3</strong></span> <span class='ocrx_word' id='word_1_50' title='bbox 379 778 537 823; x_wconf 70' lang='lat' dir='ltr'>recusantes</span> <span class='ocrx_word' id='word_1_51' title='bbox 552 778 636 840; x_wconf 85' lang='lat' dir='ltr'><strong>atque</strong></span> <span class='ocrx_word' id='word_1_52' title='bbox 647 772 763 838; x_wconf 73' lang='lat' dir='ltr'><strong>insuper</strong></span> <span class='ocrx_word' id='word_1_53' title='bbox 782 770 904 839; x_wconf 78' lang='lat' dir='ltr'><strong>aquilon</strong></span> 
     </span>
     <span class='ocr_line' id='line_1_9' title="bbox 107 845 903 914; baseline -0.006 -13"><span class='ocrx_word' id='word_1_54' title='bbox 107 855 136 901; x_wconf 88' lang='lat' dir='ltr'><strong>et</strong></span> <span class='ocrx_word' id='word_1_55' title='bbox 149 849 230 914; x_wconf 83' lang='lat' dir='ltr'><strong>eigna</strong></span> <span class='ocrx_word' id='word_1_56' title='bbox 242 846 412 914; x_wconf 77' lang='lat' dir='ltr'>pertinacius</span> <span class='ocrx_word' id='word_1_57' title='bbox 425 845 583 913; x_wconf 75' lang='lat' dir='ltr'><strong>flagitantes</strong></span> <span class='ocrx_word' id='word_1_58' title='bbox 599 860 656 896; x_wconf 90' lang='lat' dir='ltr'><strong>non</strong></span> <span class='ocrx_word' id='word_1_59' title='bbox 675 845 759 897; x_wconf 85' lang='lat' dir='ltr'><strong>modo</strong></span> <span class='ocrx_word' id='word_1_60' title='bbox 778 846 903 897; x_wconf 79' lang='lat' dir='ltr'><strong>irnndm</strong></span> 
     </span>
     <span class='ocr_line' id='line_1_10' title="bbox 106 916 905 991; baseline -0.004 -17"><span class='ocrx_word' id='word_1_61' title='bbox 106 923 199 991; x_wconf 90' lang='lat' dir='ltr'><strong>equite</strong></span> <span class='ocrx_word' id='word_1_62' title='bbox 214 920 336 984; x_wconf 71' lang='lat' dir='ltr'><strong>disiecit,</strong></span> <span class='ocrx_word' id='word_1_63' title='bbox 357 920 404 971; x_wconf 81' lang='lat' dir='ltr'><strong>aed</strong></span> <span class='ocrx_word' id='word_1_64' title='bbox 419 920 568 972; x_wconf 84' lang='lat' dir='ltr'><strong>decimavit</strong></span> <span class='ocrx_word' id='word_1_65' title='bbox 580 921 674 971; x_wconf 71' lang='lat' dir='ltr'><strong>etiarm</strong></span> <span class='ocrx_word' id='word_1_66' title='bbox 712 919 782 971; x_wconf 88' lang='lat' dir='ltr'><strong>ltern</strong></span> <span class='ocrx_word' id='word_1_67' title='bbox 793 916 905 971; x_wconf 67' lang='lat' dir='ltr'><strong>idm</strong></span> 
     </span>
     <span class='ocr_line' id='line_1_11' title="bbox 105 992 905 1059; baseline -0.004 -11"><span class='ocrx_word' id='word_1_68' title='bbox 105 1011 205 1048; x_wconf 87' lang='lat' dir='ltr'><strong>norum</strong></span> <span class='ocrx_word' id='word_1_69' title='bbox 225 992 379 1059; x_wconf 85' lang='lat' dir='ltr'><strong>eohortem,</strong></span> <span class='ocrx_word' id='word_1_70' title='bbox 400 1009 418 1044; x_wconf 87' lang='lat' dir='ltr'><strong>a</strong></span> <span class='ocrx_word' id='word_1_71' title='bbox 432 994 598 1046; x_wconf 73' lang='lat' dir='ltr'><strong>Caesaribus</strong></span> <span class='ocrx_word' id='word_1_72' title='bbox 612 993 679 1045; x_wconf 84' lang='lat' dir='ltr'><strong>aliur</strong></span> <span class='ocrx_word' id='word_1_73' title='bbox 693 994 729 1045; x_wconf 85' lang='lat' dir='ltr'><strong>ad</strong></span> <span class='ocrx_word' id='word_1_74' title='bbox 749 992 905 1046; x_wconf 71' lang='lat' dir='ltr'><strong>untedium</strong></span> 
     </span>
     <span class='ocr_line' id='line_1_12' title="bbox 107 1067 905 1138; baseline -0.003 -16"><span class='ocrx_word' id='word_1_75' title='bbox 107 1071 234 1138; x_wconf 73' lang='lat' dir='ltr'><strong>eorporis</strong></span> <span class='ocrx_word' id='word_1_76' title='bbox 244 1070 399 1120; x_wconf 72' lang='lat' dir='ltr'><strong>institutam</strong></span> <span class='ocrx_word' id='word_1_77' title='bbox 413 1067 562 1135; x_wconf 81' lang='lat' dir='ltr'><strong>multisque</strong></span> <span class='ocrx_word' id='word_1_78' title='bbox 572 1068 768 1135; x_wconf 72' lang='lat' dir='ltr'><strong>experimenti·</strong></span> <span class='ocrx_word' id='word_1_79' title='bbox 778 1068 905 1120; x_wconf 69' lang='lat' dir='ltr'><strong>ildellnrb</strong></span> 
     </span>
     <span class='ocr_line' id='line_1_13' title="bbox 107 1142 905 1213; baseline -0.001 -17"><span class='ocrx_word' id='word_1_80' title='bbox 107 1160 194 1209; x_wconf 85' lang='lat' dir='ltr'><strong>mam,</strong></span> <span class='ocrx_word' id='word_1_81' title='bbox 209 1143 349 1206; x_wconf 70' lang='lat' dir='ltr'><strong>dissolvit,</strong></span> <span class='ocrx_word' id='word_1_82' title='bbox 362 1157 395 1192; x_wconf 88' lang='lat' dir='ltr'><strong>ae</strong></span> <span class='ocrx_word' id='word_1_83' title='bbox 405 1143 465 1193; x_wconf 84' lang='lat' dir='ltr'><strong>aine</strong></span> <span class='ocrx_word' id='word_1_84' title='bbox 474 1142 533 1193; x_wconf 91' lang='lat' dir='ltr'><strong>ullo</strong></span> <span class='ocrx_word' id='word_1_85' title='bbox 545 1142 691 1194; x_wconf 85' lang='lat' dir='ltr'><strong>courmodo</strong></span> <span class='ocrx_word' id='word_1_86' title='bbox 701 1142 811 1194; x_wconf 70' lang='lat' dir='ltr'><strong>remisit</strong></span> <span class='ocrx_word' id='word_1_87' title='bbox 819 1142 905 1213; x_wconf 70' lang='lat' dir='ltr'><strong>lupa·</strong></span> 
     </span>
     <span class='ocr_line' id='line_1_14' title="bbox 107 1215 905 1285; baseline 0 -16"><span class='ocrx_word' id='word_1_88' title='bbox 107 1220 203 1282; x_wconf 86' lang='lat' dir='ltr'><strong>triam,</strong></span> <span class='ocrx_word' id='word_1_89' title='bbox 220 1217 301 1285; x_wconf 82' lang='lat' dir='ltr'><strong>quasi</strong></span> <span class='ocrx_word' id='word_1_90' title='bbox 312 1217 360 1267; x_wconf 81' lang='lat' dir='ltr'><strong>Gn.</strong></span> <span class='ocrx_word' id='word_1_91' title='bbox 371 1215 551 1280; x_wconf 84' lang='lat' dir='ltr'><strong>Dolabellae,</strong></span> <span class='ocrx_word' id='word_1_92' title='bbox 560 1217 641 1268; x_wconf 84' lang='lat' dir='ltr'><strong>iuxta</strong></span> <span class='ocrx_word' id='word_1_93' title='bbox 652 1218 730 1268; x_wconf 76' lang='lat' dir='ltr'><strong>errius</strong></span> <span class='ocrx_word' id='word_1_94' title='bbox 740 1215 841 1269; x_wconf 77' lang='lat' dir='ltr'><strong>hortor</strong></span> <span class='ocrx_word' id='word_1_95' title='bbox 849 1224 905 1269; x_wconf 80' lang='lat' dir='ltr'><strong>tuu-</strong></span> 
     </span>
     <span class='ocr_line' id='line_1_15' title="bbox 108 1290 906 1359; baseline 0 -16"><span class='ocrx_word' id='word_1_96' title='bbox 108 1292 199 1355; x_wconf 82' lang='lat' dir='ltr'><strong>debat,</strong></span> <span class='ocrx_word' id='word_1_97' title='bbox 211 1292 378 1358; x_wconf 82' lang='lat' dir='ltr'><strong>proniorem.</strong></span> <span class='ocrx_word' id='word_1_98' title='bbox 416 1290 470 1341; x_wconf 92' lang='lat' dir='ltr'><strong>llla</strong></span> <span class='ocrx_word' id='word_1_99' title='bbox 481 1305 599 1358; x_wconf 89' lang='lat' dir='ltr'><strong>quoque,</strong></span> <span class='ocrx_word' id='word_1_100' title='bbox 609 1306 708 1343; x_wconf 85' lang='lat' dir='ltr'><strong>verene</strong></span> <span class='ocrx_word' id='word_1_101' title='bbox 718 1306 754 1341; x_wconf 91' lang='lat' dir='ltr'><strong>an</strong></span> <span class='ocrx_word' id='word_1_102' title='bbox 763 1290 849 1357; x_wconf 75' lang='lat' dir='ltr'><strong>saluo,</strong></span> <span class='ocrx_word' id='word_1_103' title='bbox 858 1304 906 1359; x_wconf 75' lang='lat' dir='ltr'><strong>per</strong></span> 
     </span>
     <span class='ocr_line' id='line_1_16' title="bbox 107 1364 906 1435; baseline 0.004 -20"><span class='ocrx_word' id='word_1_104' title='bbox 107 1365 258 1421; x_wconf 83' lang='lat' dir='ltr'><strong>ludibrium</strong></span> <span class='ocrx_word' id='word_1_105' title='bbox 267 1364 452 1429; x_wconf 86' lang='lat' dir='ltr'><strong>laetabantur,</strong></span> <span class='ocrx_word' id='word_1_106' title='bbox 464 1366 594 1433; x_wconf 77' lang='lat' dir='ltr'><strong>apposita</strong></span> <span class='ocrx_word' id='word_1_107' title='bbox 604 1364 724 1417; x_wconf 84' lang='lat' dir='ltr'><strong>lautiore</strong></span> <span class='ocrx_word' id='word_1_108' title='bbox 734 1380 825 1418; x_wconf 82' lang='lat' dir='ltr'><strong>coena</strong></span> <span class='ocrx_word' id='word_1_109' title='bbox 832 1366 906 1435; x_wconf 81' lang='lat' dir='ltr'><strong>lnge·</strong></span> 
     </span>
     <span class='ocr_line' id='line_1_17' title="bbox 106 1439 907 1507; baseline 0.001 -15"><span class='ocrx_word' id='word_1_110' title='bbox 106 1439 209 1492; x_wconf 80' lang='lat' dir='ltr'><strong>muiaae</strong></span> <span class='ocrx_word' id='word_1_111' title='bbox 219 1454 295 1491; x_wconf 86' lang='lat' dir='ltr'><strong>euro:</strong></span> <span class='ocrx_word' id='word_1_112' title='bbox 316 1445 344 1490; x_wconf 86' lang='lat' dir='ltr'><strong>et</strong></span> <span class='ocrx_word' id='word_1_113' title='bbox 354 1439 497 1490; x_wconf 85' lang='lat' dir='ltr'><strong>ordinario</strong></span> <span class='ocrx_word' id='word_1_114' title='bbox 508 1439 619 1507; x_wconf 82' lang='lat' dir='ltr'><strong>quidem</strong></span> <span class='ocrx_word' id='word_1_115' title='bbox 631 1440 834 1507; x_wconf 75' lang='lat' dir='ltr'><strong>dispensatori,</strong></span> <span class='ocrx_word' id='word_1_116' title='bbox 847 1440 907 1493; x_wconf 87' lang='lat' dir='ltr'><strong>bre·</strong></span> 
     </span>
     <span class='ocr_line' id='line_1_18' title="bbox 106 1512 908 1582; baseline 0.001 -18"><span class='ocrx_word' id='word_1_117' title='bbox 106 1514 227 1565; x_wconf 81' lang='lat' dir='ltr'><strong>viarium</strong></span> <span class='ocrx_word' id='word_1_118' title='bbox 245 1514 386 1565; x_wconf 85' lang='lat' dir='ltr'><strong>rationum</strong></span> <span class='ocrx_word' id='word_1_119' title='bbox 406 1512 548 1578; x_wconf 79' lang='lat' dir='ltr'><strong>offerenti,</strong></span> <span class='ocrx_word' id='word_1_120' title='bbox 569 1514 745 1581; x_wconf 74' lang='lat' dir='ltr'><strong>parapsidem</strong></span> <span class='ocrx_word' id='word_1_121' title='bbox 760 1512 908 1582; x_wconf 77' lang='lat' dir='ltr'><strong>legnmhla</strong></span> 
     </span>
     <span class='ocr_line' id='line_1_19' title="bbox 107 1587 908 1657; baseline 0.002 -18"><span class='ocrx_word' id='word_1_122' title='bbox 107 1602 159 1656; x_wconf 81' lang='lat' dir='ltr'><strong>pro</strong></span> <span class='ocrx_word' id='word_1_123' title='bbox 170 1587 317 1640; x_wconf 74' lang='lat' dir='ltr'><strong>sedulitate</strong></span> <span class='ocrx_word' id='word_1_124' title='bbox 333 1603 366 1639; x_wconf 89' lang='lat' dir='ltr'><strong>ao</strong></span> <span class='ocrx_word' id='word_1_125' title='bbox 380 1588 527 1657; x_wconf 81' lang='lat' dir='ltr'><strong>diligentia</strong></span> <span class='ocrx_word' id='word_1_126' title='bbox 536 1589 706 1655; x_wconf 80' lang='lat' dir='ltr'><strong>porrexieae3</strong></span> <span class='ocrx_word' id='word_1_127' title='bbox 726 1589 806 1640; x_wconf 73' lang='lat' dir='ltr'><strong>(lanu</strong></span> <span class='ocrx_word' id='word_1_128' title='bbox 817 1594 908 1641; x_wconf 77' lang='lat' dir='ltr'><strong>auteur</strong></span> 
     </span>
     <span class='ocr_line' id='line_1_20' title="bbox 109 1661 908 1731; baseline 0.003 -17"><span class='ocrx_word' id='word_1_129' title='bbox 109 1661 268 1727; x_wconf 74' lang='lat' dir='ltr'><strong>choraulae,</strong></span> <span class='ocrx_word' id='word_1_130' title='bbox 278 1663 348 1714; x_wconf 87' lang='lat' dir='ltr'><strong>mire</strong></span> <span class='ocrx_word' id='word_1_131' title='bbox 357 1663 492 1731; x_wconf 76' lang='lat' dir='ltr'><strong>placenti,</strong></span> <span class='ocrx_word' id='word_1_132' title='bbox 507 1662 638 1715; x_wconf 75' lang='lat' dir='ltr'><strong>denarios</strong></span> <span class='ocrx_word' id='word_1_133' title='bbox 647 1664 770 1730; x_wconf 84' lang='lat' dir='ltr'><strong>quinque</strong></span> <span class='ocrx_word' id='word_1_134' title='bbox 779 1662 908 1726; x_wconf 74' lang='lat' dir='ltr'><strong>donuae,</strong></span> 
     </span>
     <span class='ocr_line' id='line_1_21' title="bbox 109 1736 806 1805; baseline 0 -16"><span class='ocrx_word' id='word_1_135' title='bbox 109 1737 236 1804; x_wconf 77' lang='lat' dir='ltr'><strong>prolator</strong></span> <span class='ocrx_word' id='word_1_136' title='bbox 245 1752 331 1788; x_wconf 85' lang='lat' dir='ltr'><strong>uranu</strong></span> <span class='ocrx_word' id='word_1_137' title='bbox 340 1752 392 1788; x_wconf 80' lang='lat' dir='ltr'><strong>aaa</strong></span> <span class='ocrx_word' id='word_1_138' title='bbox 401 1753 417 1789; x_wconf 92' lang='lat' dir='ltr'><strong>e</strong></span> <span class='ocrx_word' id='word_1_139' title='bbox 427 1737 615 1805; x_wconf 73' lang='lat' dir='ltr'><strong>peculiaribus</strong></span> <span class='ocrx_word' id='word_1_140' title='bbox 625 1736 726 1788; x_wconf 77' lang='lat' dir='ltr'><strong>localia</strong></span> <span class='ocrx_word' id='word_1_141' title='bbox 736 1737 806 1789; x_wconf 76' lang='lat' dir='ltr'><strong>ruia.</strong></span> 
     </span>
    </p>

    <p class='ocr_par' dir='ltr' id='par_1_3' title="bbox 164 1810 910 1880">
     <span class='ocr_line' id='line_1_22' title="bbox 164 1810 910 1880; baseline 0.001 -18"><span class='ocrx_word' id='word_1_142' title='bbox 164 1810 240 1863; x_wconf 85' lang='lat' dir='ltr'><strong>xln.</strong></span> <span class='ocrx_word' id='word_1_143' title='bbox 261 1810 354 1872; x_wconf 74' lang='lat' dir='ltr'><strong>Quare</strong></span> <span class='ocrx_word' id='word_1_144' title='bbox 374 1811 506 1862; x_wconf 82' lang='lat' dir='ltr'><strong>adventur</strong></span> <span class='ocrx_word' id='word_1_145' title='bbox 526 1812 586 1863; x_wconf 82' lang='lat' dir='ltr'><strong>eine</strong></span> <span class='ocrx_word' id='word_1_146' title='bbox 605 1825 662 1863; x_wconf 90' lang='lat' dir='ltr'><strong>non</strong></span> <span class='ocrx_word' id='word_1_147' title='bbox 679 1811 796 1879; x_wconf 80' lang='lat' dir='ltr'><strong>perinde</strong></span> <span class='ocrx_word' id='word_1_148' title='bbox 814 1818 910 1880; x_wconf 75' lang='lat' dir='ltr'><strong>gratur</strong></span> 
     </span>
    </p>
   </div>
   <div class='ocr_carea' id='block_1_3' title="bbox 109 1884 910 2025">
    <p class='ocr_par' dir='ltr' id='par_1_4' title="bbox 109 1884 910 2025">
     <span class='ocr_line' id='line_1_23' title="bbox 109 1884 910 1956; baseline 0.002 -21"><span class='ocrx_word' id='word_1_149' title='bbox 109 1884 176 1936; x_wconf 80' lang='lat' dir='ltr'><strong>luit:</strong></span> <span class='ocrx_word' id='word_1_150' title='bbox 195 1884 281 1953; x_wconf 86' lang='lat' dir='ltr'><strong>idque</strong></span> <span class='ocrx_word' id='word_1_151' title='bbox 294 1885 421 1951; x_wconf 78' lang='lat' dir='ltr'><strong>proximo</strong></span> <span class='ocrx_word' id='word_1_152' title='bbox 436 1885 595 1951; x_wconf 61' lang='lat' dir='ltr'><strong>aprunculo</strong></span> <span class='ocrx_word' id='word_1_153' title='bbox 610 1886 753 1954; x_wconf 71' lang='lat' dir='ltr'><strong>apparult3</strong></span> <span class='ocrx_word' id='word_1_154' title='bbox 773 1886 910 1956; x_wconf 71' lang='lat' dir='ltr'><strong>siquiden</strong></span> 
     </span>
     <span class='ocr_line' id='line_1_24' title="bbox 110 1958 705 2025; baseline 0.003 -16"><span class='ocrx_word' id='word_1_155' title='bbox 110 1958 246 2010; x_wconf 76' lang='lat' dir='ltr'><strong>Atellania</strong></span> <span class='ocrx_word' id='word_1_156' title='bbox 255 1959 430 2009; x_wconf 73' lang='lat' dir='ltr'><strong>notissimum</strong></span> <span class='ocrx_word' id='word_1_157' title='bbox 442 1960 578 2010; x_wconf 81' lang='lat' dir='ltr'><strong>canticum</strong></span> <span class='ocrx_word' id='word_1_158' title='bbox 589 1960 705 2025; x_wconf 69' lang='lat' dir='ltr'><strong>exortia,</strong></span> 
     </span>
    </p>
   </div>
   <div class='ocr_carea' id='block_1_4' title="bbox 109 2029 909 2697">
    <p class='ocr_par' dir='ltr' id='par_1_5' title="bbox 317 2029 667 2097">
     <span class='ocr_line' id='line_1_25' title="bbox 317 2029 667 2097; baseline 0.011 -15"><span class='ocrx_word' id='word_1_159' title='bbox 317 2029 404 2097; x_wconf 78' lang='lat' dir='ltr'><strong>Venit,</strong></span> <span class='ocrx_word' id='word_1_160' title='bbox 415 2032 451 2096; x_wconf 78' lang='lat' dir='ltr'><strong>io,</strong></span> <span class='ocrx_word' id='word_1_161' title='bbox 463 2032 551 2085; x_wconf 71' lang='lat' dir='ltr'><strong>Simus</strong></span> <span class='ocrx_word' id='word_1_162' title='bbox 561 2048 578 2084; x_wconf 77' lang='lat' dir='ltr'><strong>a</strong></span> <span class='ocrx_word' id='word_1_163' title='bbox 587 2032 667 2096; x_wconf 69' lang='lat' dir='ltr'><strong>villu,⁸</strong></span> 
     </span>
    </p>

    <p class='ocr_par' dir='ltr' id='par_1_6' title="bbox 111 2105 909 2253">
     <span class='ocr_line' id='line_1_26' title="bbox 113 2105 909 2177; baseline 0.004 -21"><span class='ocrx_word' id='word_1_164' title='bbox 113 2106 205 2157; x_wconf 74' lang='lat' dir='ltr'><strong>maneti</strong></span> <span class='ocrx_word' id='word_1_165' title='bbox 214 2105 298 2157; x_wconf 83' lang='lat' dir='ltr'><strong>almul</strong></span> <span class='ocrx_word' id='word_1_166' title='bbox 311 2113 481 2173; x_wconf 73' lang='lat' dir='ltr'><strong>spectatores</strong></span> <span class='ocrx_word' id='word_1_167' title='bbox 497 2110 685 2160; x_wconf 67' lang='lat' dir='ltr'><strong>consentiente</strong></span> <span class='ocrx_word' id='word_1_168' title='bbox 694 2122 765 2160; x_wconf 78' lang='lat' dir='ltr'><strong>roae</strong></span> <span class='ocrx_word' id='word_1_169' title='bbox 773 2108 909 2177; x_wconf 75' lang='lat' dir='ltr'><strong>reliquam</strong></span> 
     </span>
     <span class='ocr_line' id='line_1_27' title="bbox 111 2180 907 2253; baseline 0.003 -23"><span class='ocrx_word' id='word_1_170' title='bbox 111 2188 217 2248; x_wconf 81' lang='lat' dir='ltr'><strong>partem</strong></span> <span class='ocrx_word' id='word_1_171' title='bbox 227 2180 389 2246; x_wconf 76' lang='lat' dir='ltr'><strong>retulerunt,</strong></span> <span class='ocrx_word' id='word_1_172' title='bbox 402 2196 435 2233; x_wconf 88' lang='lat' dir='ltr'><strong>ae</strong></span> <span class='ocrx_word' id='word_1_173' title='bbox 445 2184 556 2250; x_wconf 73' lang='lat' dir='ltr'><strong>saepius</strong></span> <span class='ocrx_word' id='word_1_174' title='bbox 564 2197 647 2235; x_wconf 77' lang='lat' dir='ltr'><strong>veron</strong></span> <span class='ocrx_word' id='word_1_175' title='bbox 655 2183 775 2250; x_wconf 83' lang='lat' dir='ltr'><strong>repetito</strong></span> <span class='ocrx_word' id='word_1_176' title='bbox 786 2188 907 2253; x_wconf 73' lang='lat' dir='ltr'><strong>egenum.</strong></span> 
     </span>
    </p>

    <p class='ocr_par' dir='ltr' id='par_1_7' title="bbox 109 2254 909 2697">
     <span class='ocr_line' id='line_1_28' title="bbox 167 2254 908 2311; baseline 0.003 -6"><span class='ocrx_word' id='word_1_177' title='bbox 167 2254 242 2306; x_wconf 80' lang='lat' dir='ltr'><strong>xlv,</strong></span> <span class='ocrx_word' id='word_1_178' title='bbox 262 2255 372 2307; x_wconf 86' lang='lat' dir='ltr'><strong>Maiore</strong></span> <span class='ocrx_word' id='word_1_179' title='bbox 388 2256 457 2308; x_wconf 85' lang='lat' dir='ltr'><strong>adeo</strong></span> <span class='ocrx_word' id='word_1_180' title='bbox 474 2264 502 2308; x_wconf 89' lang='lat' dir='ltr'><strong>et</strong></span> <span class='ocrx_word' id='word_1_181' title='bbox 515 2256 612 2309; x_wconf 77' lang='lat' dir='ltr'><strong>farore</strong></span> <span class='ocrx_word' id='word_1_182' title='bbox 626 2264 655 2309; x_wconf 87' lang='lat' dir='ltr'><strong>et</strong></span> <span class='ocrx_word' id='word_1_183' title='bbox 667 2259 840 2311; x_wconf 80' lang='lat' dir='ltr'><strong>auctoritate</strong></span> <span class='ocrx_word' id='word_1_184' title='bbox 848 2256 908 2309; x_wconf 83' lang='lat' dir='ltr'><strong>ade·</strong></span> 
     </span>
     <span class='ocr_line' id='line_1_29' title="bbox 111 2330 909 2400; baseline 0.001 -20"><span class='ocrx_word' id='word_1_185' title='bbox 111 2336 175 2398; x_wconf 74' lang='lat' dir='ltr'><strong>ptura</strong></span> <span class='ocrx_word' id='word_1_186' title='bbox 186 2335 240 2395; x_wconf 83' lang='lat' dir='ltr'><strong>eat,</strong></span> <span class='ocrx_word' id='word_1_187' title='bbox 261 2345 343 2396; x_wconf 85' lang='lat' dir='ltr'><strong>quarn</strong></span> <span class='ocrx_word' id='word_1_188' title='bbox 353 2332 452 2397; x_wconf 77' lang='lat' dir='ltr'><strong>gerolt,</strong></span> <span class='ocrx_word' id='word_1_189' title='bbox 472 2331 631 2398; x_wconf 82' lang='lat' dir='ltr'><strong>imperium3</strong></span> <span class='ocrx_word' id='word_1_190' title='bbox 650 2346 812 2400; x_wconf 83' lang='lat' dir='ltr'><strong>quanquam</strong></span> <span class='ocrx_word' id='word_1_191' title='bbox 825 2330 909 2383; x_wconf 84' lang='lat' dir='ltr'><strong>multa</strong></span> 
     </span>
     <span class='ocr_line' id='line_1_30' title="bbox 112 2404 909 2476; baseline 0.004 -22"><span class='ocrx_word' id='word_1_192' title='bbox 112 2404 278 2456; x_wconf 83' lang='lat' dir='ltr'><strong>documenta</strong></span> <span class='ocrx_word' id='word_1_193' title='bbox 292 2406 397 2472; x_wconf 78' lang='lat' dir='ltr'><strong>egregii</strong></span> <span class='ocrx_word' id='word_1_194' title='bbox 410 2405 544 2473; x_wconf 80' lang='lat' dir='ltr'><strong>principio</strong></span> <span class='ocrx_word' id='word_1_195' title='bbox 562 2405 653 2458; x_wconf 83' lang='lat' dir='ltr'><strong>daret:</strong></span> <span class='ocrx_word' id='word_1_196' title='bbox 673 2406 723 2458; x_wconf 82' lang='lat' dir='ltr'><strong>red</strong></span> <span class='ocrx_word' id='word_1_197' title='bbox 736 2420 909 2476; x_wconf 79' lang='lat' dir='ltr'><strong>nequaquam</strong></span> 
     </span>
     <span class='ocr_line' id='line_1_31' title="bbox 112 2480 907 2549; baseline 0.001 -20"><span class='ocrx_word' id='word_1_198' title='bbox 112 2484 170 2529; x_wconf 89' lang='lat' dir='ltr'><strong>tam</strong></span> <span class='ocrx_word' id='word_1_199' title='bbox 189 2485 270 2546; x_wconf 88' lang='lat' dir='ltr'><strong>grata</strong></span> <span class='ocrx_word' id='word_1_200' title='bbox 290 2487 382 2545; x_wconf 85' lang='lat' dir='ltr'><strong>erant,</strong></span> <span class='ocrx_word' id='word_1_201' title='bbox 402 2494 486 2547; x_wconf 88' lang='lat' dir='ltr'><strong>quam</strong></span> <span class='ocrx_word' id='word_1_202' title='bbox 498 2480 602 2544; x_wconf 76' lang='lat' dir='ltr'><strong>invisa,</strong></span> <span class='ocrx_word' id='word_1_203' title='bbox 623 2496 695 2549; x_wconf 89' lang='lat' dir='ltr'><strong>quae</strong></span> <span class='ocrx_word' id='word_1_204' title='bbox 709 2496 792 2533; x_wconf 79' lang='lat' dir='ltr'><strong>neuun</strong></span> <span class='ocrx_word' id='word_1_205' title='bbox 807 2482 907 2533; x_wconf 75' lang='lat' dir='ltr'><strong>tierent.</strong></span> 
     </span>
     <span class='ocr_line' id='line_1_32' title="bbox 112 2552 908 2621; baseline 0.005 -18"><span class='ocrx_word' id='word_1_206' title='bbox 112 2552 270 2620; x_wconf 77' lang='lat' dir='ltr'><strong>Regebatur</strong></span> <span class='ocrx_word' id='word_1_207' title='bbox 287 2554 371 2604; x_wconf 88' lang='lat' dir='ltr'><strong>trium</strong></span> <span class='ocrx_word' id='word_1_208' title='bbox 392 2554 521 2618; x_wconf 87' lang='lat' dir='ltr'><strong>arbitrio,</strong></span> <span class='ocrx_word' id='word_1_209' title='bbox 544 2569 613 2621; x_wconf 83' lang='lat' dir='ltr'><strong>quoe</strong></span> <span class='ocrx_word' id='word_1_210' title='bbox 630 2569 687 2607; x_wconf 89' lang='lat' dir='ltr'><strong>una</strong></span> <span class='ocrx_word' id='word_1_211' title='bbox 701 2561 731 2607; x_wconf 82' lang='lat' dir='ltr'><strong>et</strong></span> <span class='ocrx_word' id='word_1_212' title='bbox 741 2556 820 2608; x_wconf 87' lang='lat' dir='ltr'><strong>intra</strong></span> <span class='ocrx_word' id='word_1_213' title='bbox 832 2554 908 2607; x_wconf 73' lang='lat' dir='ltr'><strong>Pala·</strong></span> 
     </span>
     <span class='ocr_line' id='line_1_33' title="bbox 109 2625 907 2697; baseline 0.009 -20"><span class='ocrx_word' id='word_1_214' title='bbox 109 2626 181 2677; x_wconf 83' lang='lat' dir='ltr'><strong>tr&#39;um</strong></span> <span class='ocrx_word' id='word_1_215' title='bbox 190 2625 362 2692; x_wconf 76' lang='lat' dir='ltr'><strong>dubitanter,</strong></span> <span class='ocrx_word' id='word_1_216' title='bbox 378 2642 559 2697; x_wconf 83' lang='lat' dir='ltr'><strong>necunquam</strong></span> <span class='ocrx_word' id='word_1_217' title='bbox 570 2644 627 2681; x_wconf 92' lang='lat' dir='ltr'><strong>uon</strong></span> <span class='ocrx_word' id='word_1_218' title='bbox 637 2628 834 2696; x_wconf 68' lang='lat' dir='ltr'><strong>adhaerenter,</strong></span> <span class='ocrx_word' id='word_1_219' title='bbox 849 2643 907 2697; x_wconf 73' lang='lat' dir='ltr'><strong>pne·</strong></span> 
     </span>
    </p>
   </div>
   <div class='ocr_carea' id='block_1_5' title="bbox 97 2700 906 2781">
    <p class='ocr_par' dir='ltr' id='par_1_8' title="bbox 97 2700 906 2781">
     <span class='ocr_line' id='line_1_34' title="bbox 97 2700 906 2781; baseline 0.01 -30"><span class='ocrx_word' id='word_1_220' title='bbox 97 2700 234 2775; x_wconf 78' lang='lat' dir='ltr'><strong>dagogoe</strong></span> <span class='ocrx_word' id='word_1_221' title='bbox 244 2703 332 2781; x_wconf 82' lang='lat' dir='ltr'><strong>vulgo</strong></span> <span class='ocrx_word' id='word_1_222' title='bbox 342 2703 493 2763; x_wconf 74' lang='lat' dir='ltr'><strong>vorabant</strong></span> <span class='ocrx_word' id='word_1_223' title='bbox 529 2703 658 2759; x_wconf 84' lang='lat' dir='ltr'><strong>lileraut</strong></span> <span class='ocrx_word' id='word_1_224' title='bbox 666 2704 701 2757; x_wconf 83' lang='grc' dir='ltr'><strong>Τ.</strong></span> <span class='ocrx_word' id='word_1_225' title='bbox 710 2704 828 2773; x_wconf 69' lang='lat' dir='ltr'><strong>Vinius,</strong></span> <span class='ocrx_word' id='word_1_226' title='bbox 839 2704 906 2775; x_wconf 75' lang='lat' dir='ltr'><strong>lega·</strong></span> 
     </span>
    </p>
   </div>
   <div class='ocr_carea' id='block_1_6' title="bbox 0 0 949 3060">
    <p class='ocr_par' dir='ltr' id='par_1_9' title="bbox 0 0 949 3060">
     <span class='ocr_line' id='line_1_35' title="bbox 0 0 949 3060; baseline 0 0"><span class='ocrx_word' id='word_1_227' title='bbox 0 0 949 3060; x_wconf 95' lang='lat' dir='ltr'><strong> </strong></span> 
     </span>
    </p>
   </div>
  </div>
 </body>
</html>
