1822 3068
10 80 22 190 i
216 106 476 164 oornvmuus.
512 107 705 154 cans-11.
828 106 860 158 53

10 191 25 307 l
73 229 129 281 tuit.
165 228 263 283 Ludos
279 235 371 282 autem
385 230 519 282 victoriae
530 228 658 280 Caesaris
668 246 723 281 non
734 230 859 282 audenti·

10 302 23 383 ὲ
74 302 230 370 bosiaoere,
253 306 354 374 quibus
370 305 507 371 obtigerat
519 303 549 354 id
564 318 673 367 munus,
693 305 752 372 ipse
763 304 858 357 edidit.

10 423 25 457 Ε
77 374 169 447 litque
185 380 360 431 constantius
373 385 463 429 cetera
479 393 588 446 quoque
604 384 809 445 exsequeretur,
829 381 859 430 in

10 497 29 529 ff
78 449 157 504 losum
165 454 272 506 tribuni
281 453 372 522 plebis
381 452 453 504 forte
463 452 601 503 demortui
611 452 787 502 candidatum
799 451 857 521 [pe-

12 556 30 603 -5
80 525 187 597 tiberem]
204 544 234 580 se
250 527 385 590 ostendit,
406 542 561 595 quanquam
576 525 723 594 patricius,
742 527 857 577 necdum

10 628 32 675 q,
82 608 183 654 mator.
223 602 278 655 Sed
289 602 450 653 adversante
466 601 610 651 conatibus
619 601 676 651 suis
686 600 725 651 Μ.
736 600 856 652 Antonio

10 714 32 748 ὤ
84 676 184 741 merle,
192 692 274 745 quem
282 675 328 727 vei
336 676 512 743 praecipuum
525 675 678 726 adiutorem
689 681 856 743 speraverat,

21 787 33 807 .‚
84 760 138 801 sene
146 752 287 819 pubiicum
297 749 408 818 quidem
418 755 445 800 et
455 748 655 800 translaticium
665 750 709 800 ius
718 749 778 799 ulla
787 749 816 799 in
826 764 857 800 ro

10 861 32 894 m,
84 822 187 876 sibisine
201 825 332 893 pastione
342 824 520 891 gravissimae
530 822 663 875 mercedis
673 824 855 892 impertiente,

10 919 32 968 13
84 896 263 967 mopumotes
278 913 308 950 se
323 898 452 948 contulit:
478 898 576 965 quibus
591 913 653 948 eum
667 899 784 949 invisum
796 913 856 949 sen·

10 1006 32 1042 a,
83 969 159 1037 iisbet,
169 973 288 1024 maxime
298 972 374 1041 quod
384 972 419 1023 D.
428 971 557 1034 Brutum,
570 972 710 1023 obsessum
720 973 855 1036 Mutinae,

10 1080 31 1115 Ν
83 1046 207 1110 prmineia
221 1061 239 1097 a
251 1046 369 1097 Caesare
384 1045 449 1097 data
464 1050 548 1113 etper
558 1051 681 1096 senatum
695 1046 856 1097 confirmata

10 1154 31 1189 ι
83 1119 198 1187 erpellere
208 1121 295 1171 armis
304 1121 446 1171 niteretur.
484 1120 669 1171 Hortautibus
683 1121 778 1188 itaque
787 1135 855 1171 non·

10 1228 30 1262 „
82 1192 159 1259 anilis,
177 1210 355 1264 percussores
370 1194 397 1245 ei
411 1194 585 1256 subornavit,
605 1209 639 1245 ae
652 1193 749 1246 fraude
760 1193 854 1262 depre-

10 1286 28 1335 q,
81 1261 160 1333 ima,
174 1268 328 1338 perieulum
338 1268 455 1319 invicem
464 1274 600 1332 metuens,
616 1274 761 1319 veteranos
771 1269 855 1319 simui

10 1376 25 1410 „
80 1339 180 1394 usuum
190 1359 224 1395 oc
233 1342 403 1410 reipublicae
414 1342 560 1405 auxilinm,
581 1348 684 1410 quanta
698 1341 854 1410 potuitiar·

10 1449 27 1483 „
80 1415 179 1481 gidooe,
199 1416 349 1469 contraxit.
387 1416 534 1483 iussusque
550 1422 709 1482 comparato
721 1417 856 1468 exercitui

79 1498 252 1559 propraetore
261 1505 401 1559 praeesse,
422 1495 450 1541 et
462 1504 522 1539 orum
534 1488 626 1538 Hirtio
638 1504 670 1538 ac
680 1488 785 1553 Pansa,
807 1491 855 1557 qui

10 1598 23 1631 q
79 1564 235 1618 eiulatum
245 1571 416 1634 acceperant,
424 1563 459 1614 D.
465 1562 552 1613 Bruto
565 1577 643 1629 opem
654 1561 733 1625 ferre,
745 1563 855 1612 deman·

10 1671 21 1703 ι,
79 1636 156 1691 datum
168 1640 272 1692 bellum
287 1639 371 1691 tertio
381 1653 472 1691 mense
484 1635 603 1688 confecit
613 1635 720 1686 duobus
730 1635 854 1704 proeliis.

10 1745 19 1777 ὲ
77 1708 159 1767 Priore
167 1714 304 1766 Antonius
315 1729 376 1765 eum
386 1712 489 1781 fugisse
499 1712 608 1774 scribit,
629 1726 662 1761 ae
671 1710 730 1761 sine
741 1709 855 1777 paluda-

76 1794 152 1841 mento
162 1803 291 1858 equoque
300 1793 365 1856 post
377 1788 490 1840 biduum
502 1787 608 1838 demum
619 1785 793 1854 appannisse:
814 1800 855 1836 se·

10 1891 15 1923 ι
76 1863 155 1929 menti
164 1863 234 1914 satis
245 1868 356 1914 constat
369 1878 424 1914 non
438 1861 521 1914 modo
533 1861 619 1925 ducis,
631 1860 773 1912 sedetiam
783 1859 855 1911 mili·

10 1980 13 1989 .
73 1934 240 1989 diiunctum
258 1952 384 1999 munere;
410 1943 491 2005 atque
510 1936 539 1986 iu
558 1935 649 1987 media
668 1934 854 1997 dimicatione,

74 2010 209 2079 aquilifero
220 2011 340 2078 legionis
351 2025 417 2063 suae
426 2011 548 2079 graviter
556 2010 661 2074 saucio,
674 2009 795 2077 aquilam
805 2007 854 2059 bu-

72 2086 144 2137 moris
152 2085 272 2137 subiisse
283 2085 384 2153 diuque
393 2092 527 2153 portasse.

118 2158 166 2212 xl.
185 2159 251 2211 Hoc
264 2158 338 2210 belio
354 2175 436 2228 quum
451 2159 560 2209 Hirtium
574 2157 603 2208 in
618 2159 690 2222 aeis,
709 2156 856 2223 Pansaquo

70 2239 139 2299 post,
154 2248 189 2287 ex
197 2233 312 2286 vulnere
325 2234 471 2301 perissent,
485 2247 580 2283 rumor
589 2231 738 2294 increbuit,
759 2228 855 2279 ambos

71 2309 224 2375 operosius
240 2308 362 2372 occisos,
381 2314 425 2372 ut,
444 2307 563 2357 Antonio
583 2306 693 2373 fugato,
714 2302 856 2370 republica

71 2382 224 2435 oonsulibus
240 2382 353 2446 orbata,
374 2382 450 2434 solus
465 2381 554 2433 victor
564 2386 619 2431 tres
629 2378 764 2430 exercitus
776 2390 856 2426 occis·

69 2463 151 2523 pust.
188 2456 298 2508 Pansae
309 2457 417 2525 quidem
429 2456 497 2508 adeo
509 2460 637 2521 suspecta
651 2465 725 2502 mors
739 2449 804 2513 fuit,
825 2456 857 2501 ut

70 2528 154 2598 Glyco
164 2530 289 2584 medicus
300 2531 452 2582 custoditus
463 2531 507 2593 sit,
519 2528 598 2596 quasi
608 2539 739 2577 venenum
749 2522 856 2576 mlneri

67 2603 218 2659 indidisset.
242 2603 347 2657 Adiioit
355 2604 397 2656 bis
403 2601 626 2674 AquiliusNigor,
640 2598 755 2649 alterum
766 2614 780 2651 e
791 2614 856 2650 con·
