1874 3060
111 182 161 233 ³82
391 183 421 228 ,0.
441 181 629 230 SUETONll

269 317 416 356 suavius
437 319 470 356 ru
490 318 539 355 111.
561 316 685 354 osone.
705 302 749 354 il.

167 397 246 463 Apud
266 397 386 447 maiores
405 393 508 447 theatri
532 395 634 463 gradus
657 400 766 446 tanturm
787 393 895 447 fuerunt.

111 472 184 522 Nam
194 486 276 522 scena
287 471 321 521 de
334 470 410 536 ligno
426 475 532 520 tantum
547 469 582 520 ad
595 475 704 536 tempus
718 469 816 534 fiebat,
835 469 896 521 unde

112 543 249 612 hodieque
269 545 420 610 permansit
443 543 626 607 consuetudo,
649 549 682 594 ut
707 549 897 611 componantur

111 626 240 686 pegmata
251 634 267 669 a
277 618 405 670 ludorum
415 614 591 668 theatralium
606 616 771 669 editoribus.
821 618 898 670 Scene

112 700 218 756 autem,
240 707 310 761 quae
325 693 420 754 fiebat,
443 697 492 742 aut
505 691 614 742 versilis
627 697 701 755 erat,
722 697 772 743 aut
786 691 897 743 ductilis.

111 766 228 818 Versilis
243 774 308 817 tunc
323 773 394 828 erat,
415 780 498 832 quum
514 765 605 816 subito
620 770 682 816 tota
698 763 834 816 machinis
847 766 898 834 qui·

111 841 228 892 busdam
252 840 474 902 convertebatur,
500 845 527 891 et
550 840 634 889 aliam
658 839 786 905 picturae
809 838 899 891 faciem

112 915 283 966 ostendebat.
322 913 442 964 Ductilis
460 920 538 976 tunc,
560 928 643 981 quum
656 913 757 964 tractis
775 914 900 964 tabrdatis

110 987 163 1038 hac
177 995 259 1056 atque
273 987 340 1038 illac
354 988 459 1054 species
473 987 597 1053 picturae
611 986 770 1038 nudabatur
783 988 899 1039 interim.

110 1063 188 1114 Unde
198 1063 284 1129 perite
294 1068 439 1128 utrumque
448 1061 552 1128 tetigit,
568 1061 674 1124 dicens,
691 1059 782 1112 Vereis
792 1061 900 1114 discedat

103 1137 257 1207 frontibus:
276 1136 385 1202 singula
399 1135 515 1200 singulis
531 1135 714 1202 complectens
724 1136 900 1188 sermonibus.

111 1211 193 1272 Quod
203 1210 293 1261 Varro
305 1216 333 1260 et
343 1208 490 1262 Suetonius
501 1214 728 1262 commemorant.

326 1364 411 1401 sunu
431 1364 464 1400 rn
483 1364 513 1402 v.
533 1363 608 1402 unu.
628 1351 689 1403 ⁶⁰2.

167 1442 204 1492 Ut
218 1442 258 1493 ait
273 1440 421 1493 Suetonius
431 1441 624 1509 Tranquillus,
643 1439 733 1494 Letum
746 1441 814 1510 ἰριο,
835 1458 903 1509 quem

111 1517 189 1583 oztlgo
200 1515 360 1584 Pyrrichum
370 1517 510 1584 appellant,
526 1513 609 1566 Troia
618 1524 746 1569 vocatur:
766 1519 845 1568 cuius
855 1517 902 1568 oti·

110 1591 200 1657 ginem
212 1591 347 1658 expressit
355 1592 384 1641 in
395 1591 467 1643 libro
478 1590 512 1641 de
522 1605 670 1658 puerorum
680 1590 799 1644 lusibus.

156 1754 211 1804 DE
231 1753 362 1805 VITIIS
383 1753 704 1808 CORPORALIBUS
723 1754 861 1806 LIBER.

252 1857 399 1894 ssnvrns
420 1857 453 1894 ru
472 1857 635 1898 ncnoonn
655 1861 720 1910 mn,
741 1847 768 1898 8.

167 1935 270 2002 Hirqui
280 1940 371 1986 autem
389 1941 453 1985 sunt
469 1935 612 1987 oculorum
629 1937 738 2004 anguli,
760 1936 900 1989 secumdum

112 2008 273 2060 Suetonium
283 2007 485 2074 Tranquillum,
495 2009 525 2059 in
535 2010 611 2063 vitiis
622 2011 826 2079 corporalibus.

276 2150 446 2188 ISIDORUS
467 2152 584 2191 omno.
605 2155 670 2191 nts.
693 2155 744 2194 111.

166 2228 237 2280 Num
248 2227 319 2279 hirci
329 2234 392 2278 sunt
402 2228 545 2280 oculorum
561 2230 667 2298 anguli,
682 2231 833 2284 secumdum
844 2229 899 2282 Sue·

110 2304 219 2355 tonium
230 2310 281 2355 etc.

282 2439 428 2477 snnvrus
449 2441 482 2476 ru
502 2441 562 2478 vn.
583 2441 657 2480 usu.
677 2429 729 2482 629

168 2516 321 2569 Secundum
334 2517 507 2581 Suetonium,
522 2519 551 2568 iu
562 2518 633 2572 libro
646 2521 767 2573 devitiis
779 2532 896 2588 corpora·

112 2592 198 2676 libus,
219 2591 321 2644 Aruina
332 2600 371 2644 est
381 2593 474 2642 durum
480 2591 593 2661 pingue,
615 2611 683 2661 quae
693 2605 734 2648 est
742 2595 813 2649 inter
824 2603 895 2648 caten

110 2674 240 2719 etmcus.
