1874 3060
292 200 427 247 enuun
462 200 540 248 civ.
561 202 642 249 s-e.
818 204 870 255 ιω

68 321 112 372 ius
123 320 205 371 iuxta
214 319 297 374 limen
307 322 425 387 invenit3
434 323 519 392 idque
528 323 634 391 gremio
644 336 697 375 suo
707 324 868 393 Tnsmslum,

67 396 118 447 ubi
126 395 266 448 aestivare
276 404 464 462 consueverat,
476 400 580 462 avexit,
592 408 621 450 et
629 398 660 449 in
669 405 748 466 parte
758 401 868 454 aedium

70 476 262 522 conuentum
276 473 423 523 menstruis
438 472 566 539 deinceps
580 472 830 541 supplicationibus
840 482 869 528 et

69 544 216 612 pervigilio
240 547 428 598 anniversario
453 548 548 599 coluit.
592 548 756 614 Quanquam
776 555 867 602 aetate

69 619 190 671 uondtun
211 621 364 685 constanti,
388 628 508 674 veterem
532 622 653 673 civitatis
673 621 866 690 exoletumque

69 707 185 758 morena,
202 700 352 746 autentum
362 695 392 745 iu
402 695 485 747 domo
497 711 548 747 sua
558 695 727 759 haerentem,
743 696 865 748 obstinu-

68 768 173 819 tissime
182 768 311 833 retinuit,
319 774 353 820 ut
362 770 455 821 liberti
465 771 590 836 servique
600 771 644 821 bis
655 770 700 821 die
709 769 866 837 frequentes

71 840 246 905 admentac
255 858 335 895 mane
344 845 460 909 salvere,
470 859 583 910 vespere
593 846 686 896 valere
696 845 753 896 eibi
762 845 866 913 singuli

71 915 199 968 dicerent.

121 988 157 1042 V.
177 990 254 1042 luter
272 990 401 1044 liberales
422 992 586 1060 disciplinas
610 993 728 1044 attendit
750 998 778 1045 et
800 993 863 1045 iuri.

70 1062 378 1118 lleditetmatrimouio
390 1082 515 1135 operam:
534 1082 641 1128 verum,
663 1068 766 1118 amhae
778 1082 867 1121 uxore

69 1136 176 1207 lepida
186 1138 350 1208 duobusque
360 1156 395 1193 ex
404 1157 439 1194 eu
448 1141 523 1205 filiis,
532 1141 665 1193 remansit
674 1141 703 1192 in
716 1141 865 1206 coelibatu,

69 1228 155 1281 neque
165 1213 316 1266 sollicitari
328 1216 387 1267 ulla
402 1216 562 1269 conditione
576 1215 694 1282 amplius
707 1216 812 1283 potuit,
831 1232 867 1269 ne

69 1288 236 1355 agrippinae
250 1290 374 1358 qnidam,
395 1291 525 1342 viduatae
538 1297 627 1343 morte
642 1290 773 1354 Domitii,
794 1306 867 1358 quae

68 1363 196 1413 maritum
216 1378 326 1430 quoque
346 1363 436 1416 adhuc
454 1365 570 1416 necdum
591 1365 725 1417 coelibem
745 1363 865 1417 Galbam

69 1436 136 1489 adeo
147 1438 280 1489 omuibus
289 1438 490 1492 sollicitaverat
499 1439 604 1503 modis,
625 1440 738 1490 utinter
748 1455 864 1491 conveu-

68 1518 122 1563 tum
131 1516 324 1563 mauonarnm
335 1523 462 1581 correpta
475 1514 567 1580 iurgio
585 1518 667 1579 atque
681 1513 765 1563 etiam
778 1528 863 1564 mauu

67 1586 178 1652 pulsata
186 1587 226 1638 sit
235 1602 253 1638 a
261 1593 348 1640 matre
359 1589 491 1656 Lepidae.
521 1586 686 1638 observavit
695 1591 758 1637 ante
769 1600 864 1638 omnes

67 1658 176 1713 Liviam
190 1661 354 1728 Angustum:
376 1664 453 1714 cuius
468 1668 496 1713 et
508 1661 590 1712 vivae
603 1660 696 1727 gratia
714 1658 864 1726 plurimam

66 1734 164 1800 valuit,
184 1741 214 1788 et
222 1742 348 1789 momae
358 1742 523 1789 testamento
533 1749 621 1802 paene
632 1733 737 1784 ditonus
746 1738 800 1785 est:
820 1748 862 1785 se·

65 1811 190 1862 uernum
199 1824 320 1877 namque
329 1813 500 1879 quingenties
510 1826 591 1878 quum
603 1808 781 1877 praecipuum
790 1808 862 1859 inter

64 1880 217 1953 legstarios
237 1882 391 1951 habuisset,
416 1888 483 1954 quia
501 1890 612 1949 notata,
632 1898 689 1935 nou
708 1882 862 1950 perscripta

65 1966 122 2010 erut
135 1974 259 2022 summa,
280 1958 379 2013 herede
394 1962 508 2013 Tiberio
525 1960 646 2028 legatum
660 1956 697 2009 ad
712 1957 862 2025 quingenta

64 2039 220 2098 mutante,
230 2050 266 2086 ne
275 2032 343 2087 haec
354 2035 463 2103 quidem
474 2036 589 2103 accepit.

114 2106 165 2161 Vl.
185 2108 350 2161 Honoribus
375 2117 438 2162 ante
464 2109 616 2177 legitimum
641 2113 750 2176 tempus
773 2107 860 2172 initis,

63 2188 178 2247 pnetor
202 2184 398 2237 commissione
426 2183 555 2235 ludorum
577 2182 732 2236 Floralium
758 2197 861 2233 novum

63 2256 216 2323 spectaculi
224 2272 319 2326 genus,
331 2257 492 2327 elephantos
501 2258 688 2320 funambulos,
699 2255 799 2306 edidit:
814 2269 860 2306 ex·

62 2328 125 2382 lude
133 2332 298 2399 provinciae
306 2334 472 2403 Aquitaniae
488 2348 559 2384 anuo
574 2327 774 2397 ferepraeiuit=
794 2342 860 2378 mox

63 2406 238 2457 consulatum
251 2422 363 2475 persor
378 2423 484 2460 menses
500 2407 670 2460 ordinarium
680 2402 779 2469 30881ῒὶ
799 2416 859 2452 eie·

62 2478 170 2549 illique,
190 2481 293 2549 utipse
305 2482 354 2534 Cn.
365 2483 491 2534 Domitio
501 2483 577 2549 patri
586 2477 718 2539 Neronia,
732 2475 789 2543 ipsi
799 2474 859 2526 Sal-

62 2552 416 2623 vluslitbopaterothonis
427 2556 593 2618 succederet,
599 2553 673 2605 velut
683 2549 858 2617 praesagium

61 2626 340 2699 insequentium,
362 2648 417 2702 quo
434 2630 540 2682 medius
550 2629 622 2680 iuter
630 2624 774 2690 utriusque
784 2623 862 2685 lilios

63 2704 153 2756 ntltit
160 2704 325 2773 imperator.
356 2707 380 2758 Δ
391 2706 459 2759 Ceio
471 2705 589 2757 Caesare
601 2696 746 2752 Gaetulico
757 2698 859 2750 substi-
