1822 3068
83 205 117 260 Μ
363 207 390 251 0.
415 204 603 252 SUETONH
665 204 668 207 ’

85 347 130 384 ces
140 329 341 392 exorabilibus,
356 328 433 380 solus
443 342 609 395 magnopere
620 327 763 378 contendit

83 410 255 474 parceretur:
274 402 491 471 proscripsitque
505 402 589 452 etiam
600 401 630 451 c.
641 397 766 453 Toranio

83 495 140 531 rem
152 494 239 543 sunm,
250 478 420 545 eundemque
431 476 566 543 collegam
576 475 664 543 patris
674 476 720 526 sui
730 475 766 527 Oe

84 553 236 606 aedilitate.
273 551 369 602 lrmius
384 549 548 602 Saturninus
567 547 620 600 hoc
640 549 760 617 amplius

84 643 163 695 quum
172 635 284 695 peracta
294 625 487 692 proscriptione
501 622 540 674 Μ.
555 623 671 690 Lepidus
684 622 714 675 in
727 639 766 675 sen

84 709 201 753 curasset
205 699 354 768 praeterita
358 736 366 762 ,
382 707 410 751 et
418 715 488 766 spem
498 697 649 750 clementiae
658 696 766 765 inposta

84 776 173 838 curet,
190 773 313 842 quoniam
323 773 540 840 consponsorum
550 780 672 835 exactam
682 781 766 833 esset,⁸

83 850 184 901 dinerw
190 847 348 917 professum,
359 846 399 900 ita
409 847 513 899 modum
523 862 550 897 ce
554 845 738 914 proscribendi
746 856 766 898 al

83 924 116 976 ut
124 923 212 975 omnia
222 921 273 974 sili
281 921 419 989 reliquerit
426 921 517 974 libera.
555 921 587 972 lu
602 921 680 971 cuius
693 927 766 973 tame

83 999 181 1050 naciae
195 997 394 1066 poenitentiam
406 1001 505 1065 postea
514 996 549 1046 T.
559 993 672 1046 Vinium
687 993 766 1047 Philo

84 1089 155 1137 nem,
167 1071 242 1140 quod
252 1077 399 1140 patronum
409 1085 488 1122 suum
502 1070 687 1138 proscriptum
698 1068 766 1122 celat

85 1140 236 1210 diceretur,
257 1145 379 1215 equestri
394 1145 528 1212 dignitate
543 1143 694 1196 decoravit.
732 1143 766 1195 lu

84 1220 138 1273 hac
151 1225 289 1289 potestate
302 1219 452 1289 multiplici
464 1218 593 1286 flagravit
608 1217 725 1269 invidio.
762 1218 766 1270 3

85 1294 240 1358 Pinarium,
252 1294 370 1362 equitem
380 1293 549 1357 Romanum,
565 1308 648 1361 quum
659 1292 766 1345 concior

86 1369 208 1420 admissa
217 1369 300 1419 turba
309 1383 479 1436 paganorum
491 1366 565 1434 apud
578 1367 692 1432 milites,
708 1367 766 1419 subl

86 1443 222 1513 quaedam
233 1441 624 1507 animadvertissetcmiosum
635 1457 669 1493 ac
678 1443 766 1510 specu

85 1524 176 1581 ratus,
192 1532 286 1569 eoram
300 1516 414 1569 confodi
426 1516 585 1586 imperavit:
606 1521 634 1568 et
648 1516 766 1568 Tedium

87 1591 227 1645 consulem
241 1592 426 1660 designatum,
447 1591 513 1658 quia
527 1589 630 1641 factum
645 1590 766 1658 quoddar

86 1666 209 1734 maligno
221 1681 347 1718 sermone
357 1665 515 1734 carpsisset,
531 1665 616 1728 tantis
627 1666 766 1718 couterrui

86 1741 152 1807 ntis
162 1756 192 1792 se
201 1740 434 1808 praecipitaverit.
472 1738 510 1789 Et
519 1739 553 1800 Q.
566 1737 702 1804 Gallium,
716 1756 766 1808 pra

86 1816 116 1866 in
132 1814 224 1866 officio
238 1812 416 1865 salutationis
430 1813 549 1864 tabellas
564 1813 686 1881 duplices
700 1821 766 1868 vest

86 1893 236 1952 tenentem,
257 1887 412 1956 suspicatus
431 1887 554 1955 gladium
575 1887 714 1952 occulere,
737 1905 766 1942 m

88 1976 172 2032 quam
181 1961 288 2026 statim,
309 1977 344 2013 ne
354 1961 430 2012 aliud
440 1962 620 2026 inveniretur,
640 1978 725 2014 ausus
734 1965 765 2016 in

88 2035 183 2105 paullo
199 2041 263 2104 post
276 2052 326 2104 per
340 2036 514 2089 centuriones
529 2042 557 2088 et
571 2035 673 2088 milites
687 2045 766 2106 raptu

88 2110 193 2176 buuali,
204 2109 330 2163 servilem
339 2111 369 2162 in
378 2111 491 2163 modum
500 2110 595 2163 torsit:
616 2125 649 2161 ac
663 2111 766 2165 fatente

87 2185 171 2237 iussit
190 2184 294 2250 occidi,
313 2185 390 2254 prins
411 2186 499 2238 oculis
514 2186 573 2237 eius
588 2201 638 2236 sua
657 2202 742 2238 marm
761 2205 766 2237 ι

89 2276 170 2330 quem
178 2266 271 2311 tamen
281 2261 378 2312 scribit
393 2260 533 2329 colloquio
549 2260 635 2327 petito
647 2261 766 2313 insidiat

26 2349 27 2352 ’
90 2335 297 2404 coniectumque
308 2350 325 2385 a
335 2351 364 2386 se
377 2336 406 2386 in
421 2334 588 2398 curstodiam,
609 2335 708 2386 deinde
718 2335 766 2387 Url

89 2409 165 2461 dicta
175 2410 331 2473 dunismm,
345 2409 491 2476 naufragio
502 2409 547 2461 vel
556 2409 693 2460 latronum
704 2410 766 2461 insi«

88 2485 164 2536 iisse.
203 2482 394 2536 Tribuniciam
408 2489 573 2552 potestatem
586 2489 748 2551 perpetuam

88 2558 118 2608 in
134 2573 190 2627 qua
203 2557 288 2610 semel
302 2563 384 2628 atque
396 2559 495 2610 iterum
510 2574 559 2626 per
573 2557 683 2625 singula
697 2559 766 2610 lustr

88 2646 152 2698 gam
172 2632 228 2684 sibi
247 2633 397 2701 cooptavit.
435 2632 549 2700 Recepit
567 2639 595 2684 et
613 2649 722 2684 morum
738 2633 766 2693 le

82 2704 208 2771 regimen
219 2722 308 2776 aeque
315 2711 490 2778 perpetuum:
511 2723 565 2776 quo
576 2708 645 2773 iure,
656 2723 766 2778 quauqu
