<?xml version="1.0" encoding="UTF-8"?>
<!DOCTYPE html PUBLIC "-//W3C//DTD XHTML 1.0 Transitional//EN"
    "http://www.w3.org/TR/xhtml1/DTD/xhtml1-transitional.dtd">
<html xmlns="http://www.w3.org/1999/xhtml" xml:lang="en" lang="en">
 <head>
  <title>
</title>
<meta http-equiv="Content-Type" content="text/html;charset=utf-8" />
  <meta name='ocr-system' content='tesseract 3.04.00' />
  <meta name='ocr-capabilities' content='ocr_page ocr_carea ocr_par ocr_line ocrx_word'/>
</head>
<body>
  <div class='ocr_page' id='page_1' title='image "./csuetoniitranqu00trangoog_0048.png"; bbox 0 0 1822 3068; ppageno 0'>
   <div class='ocr_carea' id='block_1_1' title="bbox 112 222 788 280">
    <p class='ocr_par' dir='ltr' id='par_1_1' title="bbox 112 222 788 280">
     <span class='ocr_line' id='line_1_1' title="bbox 112 222 788 280; baseline 0.01 -10"><span class='ocrx_word' id='word_1_1' title='bbox 112 223 240 272; x_wconf 78' lang='lat' dir='ltr'>IULIUS</span> <span class='ocrx_word' id='word_1_2' title='bbox 267 222 422 272; x_wconf 75' lang='lat' dir='ltr'><strong>GAESAR.</strong></span> <span class='ocrx_word' id='word_1_3' title='bbox 460 225 668 275; x_wconf 60' lang='lat' dir='ltr'>canoa-ts.</span> <span class='ocrx_word' id='word_1_4' title='bbox 755 228 788 280; x_wconf 74' lang='lat'>37</span> 
     </span>
    </p>
   </div>
   <div class='ocr_carea' id='block_1_2' title="bbox 57 346 787 639">
    <p class='ocr_par' dir='ltr' id='par_1_2' title="bbox 57 346 787 639">
     <span class='ocr_line' id='line_1_2' title="bbox 60 346 787 416; baseline 0.01 -19"><span class='ocrx_word' id='word_1_5' title='bbox 60 384 68 411; x_wconf 86' lang='lat'>,</span> <span class='ocrx_word' id='word_1_6' title='bbox 87 346 111 398; x_wconf 77' lang='lat' dir='ltr'>si</span> <span class='ocrx_word' id='word_1_7' title='bbox 120 355 308 416; x_wconf 66' lang='lat' dir='ltr'>praemiorum</span> <span class='ocrx_word' id='word_1_8' title='bbox 322 355 349 398; x_wconf 83' lang='lat' dir='ltr'>et</span> <span class='ocrx_word' id='word_1_9' title='bbox 360 347 516 399; x_wconf 51' lang='lat' dir='ltr'>&amp;ariorum</span> <span class='ocrx_word' id='word_1_10' title='bbox 531 364 579 416; x_wconf 82' lang='lat' dir='ltr'>ops</span> <span class='ocrx_word' id='word_1_11' title='bbox 590 349 618 401; x_wconf 79' lang='lat' dir='ltr'>in</span> <span class='ocrx_word' id='word_1_12' title='bbox 633 352 729 403; x_wconf 75' lang='lat' dir='ltr'>menda</span> <span class='ocrx_word' id='word_1_13' title='bbox 739 368 787 404; x_wconf 78' lang='lat' dir='ltr'>suc</span> 
     </span>
     <span class='ocr_line' id='line_1_3' title="bbox 57 421 787 494; baseline 0.007 -21"><span class='ocrx_word' id='word_1_14' title='bbox 57 421 197 474; x_wconf 70' lang='lat' dir='ltr'>ritatem</span> <span class='ocrx_word' id='word_1_15' title='bbox 208 429 287 483; x_wconf 80' lang='lat' dir='ltr'>essct,</span> <span class='ocrx_word' id='word_1_16' title='bbox 309 421 403 472; x_wconf 81' lang='lat' dir='ltr'>talibus</span> <span class='ocrx_word' id='word_1_17' title='bbox 416 437 517 488; x_wconf 78' lang='lat' dir='ltr'>quoque</span> <span class='ocrx_word' id='word_1_18' title='bbox 530 438 556 473; x_wconf 80' lang='lat' dir='ltr'>se</span> <span class='ocrx_word' id='word_1_19' title='bbox 566 438 660 490; x_wconf 77' lang='lat' dir='ltr'>parem</span> <span class='ocrx_word' id='word_1_20' title='bbox 668 427 787 494; x_wconf 78' lang='lat' dir='ltr'>gratiam</span> 
     </span>
     <span class='ocr_line' id='line_1_4' title="bbox 57 505 785 639; baseline 0.007 -19"><span class='ocrx_word' id='word_1_21' title='bbox 57 505 175 621; x_wconf 59' lang='lat' dir='ltr'>llllllnll.</span> <span class='ocrx_word' id='word_1_22' title='bbox 197 568 358 621; x_wconf 78' lang='lat' dir='ltr'>Simultates</span> <span class='ocrx_word' id='word_1_23' title='bbox 378 576 475 620; x_wconf 88' lang='lat' dir='ltr'>contra</span> <span class='ocrx_word' id='word_1_24' title='bbox 498 570 590 622; x_wconf 88' lang='lat' dir='ltr'>nullas</span> <span class='ocrx_word' id='word_1_25' title='bbox 613 577 671 623; x_wconf 85' lang='lat' dir='ltr'>tam</span> <span class='ocrx_word' id='word_1_26' title='bbox 689 586 785 639; x_wconf 76' lang='lat' dir='ltr'>graves</span> 
     </span>
    </p>
   </div>
   <div class='ocr_carea' id='block_1_3' title="bbox 57 645 785 2791">
    <p class='ocr_par' dir='ltr' id='par_1_3' title="bbox 57 645 785 1378">
     <span class='ocr_line' id='line_1_5' title="bbox 57 645 785 712; baseline 0.003 -16"><span class='ocrx_word' id='word_1_27' title='bbox 57 645 101 712; x_wconf 84' lang='lat' dir='ltr'>pit</span> <span class='ocrx_word' id='word_1_28' title='bbox 108 659 244 712; x_wconf 90' lang='lat' dir='ltr'>unquam,</span> <span class='ocrx_word' id='word_1_29' title='bbox 265 649 361 694; x_wconf 88' lang='lat' dir='ltr'>utnon</span> <span class='ocrx_word' id='word_1_30' title='bbox 376 645 523 696; x_wconf 75' lang='lat' dir='ltr'><strong>occasione</strong></span> <span class='ocrx_word' id='word_1_31' title='bbox 538 645 633 697; x_wconf 91' lang='lat' dir='ltr'>oblata</span> <span class='ocrx_word' id='word_1_32' title='bbox 642 645 731 697; x_wconf 87' lang='lat' dir='ltr'>libens</span> <span class='ocrx_word' id='word_1_33' title='bbox 741 646 785 699; x_wconf 89' lang='lat' dir='ltr'>de·</span> 
     </span>
     <span class='ocr_line' id='line_1_6' title="bbox 57 718 785 786; baseline 0 -15"><span class='ocrx_word' id='word_1_34' title='bbox 57 725 115 771; x_wconf 76' lang='lat' dir='ltr'>eret.</span> <span class='ocrx_word' id='word_1_35' title='bbox 155 719 185 768; x_wconf 79' lang='lat' dir='ltr'>G.</span> <span class='ocrx_word' id='word_1_36' title='bbox 196 718 333 782; x_wconf 85' lang='lat' dir='ltr'><strong>Memmii,</strong></span> <span class='ocrx_word' id='word_1_37' title='bbox 354 718 432 769; x_wconf 69' lang='lat' dir='ltr'>carinis</span> <span class='ocrx_word' id='word_1_38' title='bbox 443 719 600 786; x_wconf 84' lang='lat' dir='ltr'>asperrimis</span> <span class='ocrx_word' id='word_1_39' title='bbox 612 720 785 772; x_wconf 86' lang='lat' dir='ltr'>orationibus</span> 
     </span>
     <span class='ocr_line' id='line_1_7' title="bbox 61 792 785 863; baseline 0.003 -19"><span class='ocrx_word' id='word_1_40' title='bbox 61 794 165 845; x_wconf 79' lang='lat' dir='ltr'>minora</span> <span class='ocrx_word' id='word_1_41' title='bbox 177 792 327 844; x_wconf 81' lang='lat' dir='ltr'>acerbitate</span> <span class='ocrx_word' id='word_1_42' title='bbox 340 793 531 860; x_wconf 74' lang='lat' dir='ltr'>rescripserat,</span> <span class='ocrx_word' id='word_1_43' title='bbox 551 796 636 846; x_wconf 71' lang='grc' dir='ltr'><strong>ειίιιιιι</strong></span> <span class='ocrx_word' id='word_1_44' title='bbox 650 793 785 863; x_wconf 80' lang='lat' dir='ltr'>suffraga-</span> 
     </span>
     <span class='ocr_line' id='line_1_8' title="bbox 57 866 785 937; baseline 0.003 -19"><span class='ocrx_word' id='word_1_45' title='bbox 57 882 112 919; x_wconf 83' lang='lat' dir='ltr'>nox</span> <span class='ocrx_word' id='word_1_46' title='bbox 121 869 151 918; x_wconf 92' lang='lat' dir='ltr'>in</span> <span class='ocrx_word' id='word_1_47' title='bbox 162 867 296 934; x_wconf 88' lang='lat' dir='ltr'>petitione</span> <span class='ocrx_word' id='word_1_48' title='bbox 307 866 466 917; x_wconf 88' lang='lat' dir='ltr'>consulatus</span> <span class='ocrx_word' id='word_1_49' title='bbox 476 868 537 919; x_wconf 80' lang='lat' dir='ltr'>fult.</span> <span class='ocrx_word' id='word_1_50' title='bbox 572 869 602 920; x_wconf 83' lang='lat' dir='ltr'>c.</span> <span class='ocrx_word' id='word_1_51' title='bbox 614 869 785 937; x_wconf 83' lang='lat' dir='ltr'>calvo,.post</span> 
     </span>
     <span class='ocr_line' id='line_1_9' title="bbox 57 941 783 1011; baseline 0.003 -18"><span class='ocrx_word' id='word_1_52' title='bbox 57 956 102 993; x_wconf 82' lang='lat' dir='ltr'>osa</span> <span class='ocrx_word' id='word_1_53' title='bbox 114 942 316 1008; x_wconf 85' lang='lat' dir='ltr'>epigrammata</span> <span class='ocrx_word' id='word_1_54' title='bbox 329 941 363 992; x_wconf 87' lang='lat' dir='ltr'>de</span> <span class='ocrx_word' id='word_1_55' title='bbox 376 943 602 994; x_wconf 83' lang='lat' dir='ltr'>reconciliatione</span> <span class='ocrx_word' id='word_1_56' title='bbox 615 959 664 1011; x_wconf 83' lang='lat' dir='ltr'>per</span> <span class='ocrx_word' id='word_1_57' title='bbox 678 945 783 995; x_wconf 88' lang='lat' dir='ltr'>amicos</span> 
     </span>
     <span class='ocr_line' id='line_1_10' title="bbox 58 1015 782 1082; baseline 0.004 -16"><span class='ocrx_word' id='word_1_58' title='bbox 58 1017 96 1080; x_wconf 78' lang='lat' dir='ltr'>si,</span> <span class='ocrx_word' id='word_1_59' title='bbox 107 1016 183 1068; x_wconf 87' lang='lat' dir='ltr'>ultro</span> <span class='ocrx_word' id='word_1_60' title='bbox 195 1029 229 1066; x_wconf 85' lang='lat' dir='ltr'>ac</span> <span class='ocrx_word' id='word_1_61' title='bbox 238 1016 317 1081; x_wconf 90' lang='lat' dir='ltr'>prior</span> <span class='ocrx_word' id='word_1_62' title='bbox 326 1015 445 1082; x_wconf 77' lang='lat' dir='ltr'>scripsit.</span> <span class='ocrx_word' id='word_1_63' title='bbox 482 1015 624 1069; x_wconf 87' lang='lat' dir='ltr'>Valerium</span> <span class='ocrx_word' id='word_1_64' title='bbox 636 1017 782 1081; x_wconf 69' lang='lat' dir='ltr'>Camillam,</span> 
     </span>
     <span class='ocr_line' id='line_1_11' title="bbox 58 1088 784 1158; baseline 0.003 -18"><span class='ocrx_word' id='word_1_65' title='bbox 58 1105 75 1141; x_wconf 92' lang='lat' dir='ltr'>o</span> <span class='ocrx_word' id='word_1_66' title='bbox 85 1090 139 1141; x_wconf 88' lang='lat' dir='ltr'>sibi</span> <span class='ocrx_word' id='word_1_67' title='bbox 152 1089 297 1141; x_wconf 84' lang='lat' dir='ltr'>versiculis</span> <span class='ocrx_word' id='word_1_68' title='bbox 311 1088 345 1140; x_wconf 89' lang='lat' dir='ltr'>da</span> <span class='ocrx_word' id='word_1_69' title='bbox 354 1088 495 1140; x_wconf 85' lang='lat' dir='ltr'>Mamurra</span> <span class='ocrx_word' id='word_1_70' title='bbox 509 1097 641 1158; x_wconf 86' lang='lat' dir='ltr'>perpetua</span> <span class='ocrx_word' id='word_1_71' title='bbox 653 1093 784 1158; x_wconf 73' lang='lat' dir='ltr'>stigmata</span> 
     </span>
     <span class='ocr_line' id='line_1_12' title="bbox 58 1163 782 1230; baseline 0.001 -15"><span class='ocrx_word' id='word_1_72' title='bbox 58 1165 121 1216; x_wconf 79' lang='lat' dir='ltr'>ssita</span> <span class='ocrx_word' id='word_1_73' title='bbox 130 1180 187 1215; x_wconf 90' lang='lat' dir='ltr'>non</span> <span class='ocrx_word' id='word_1_74' title='bbox 198 1163 431 1226; x_wconf 85' lang='lat' dir='ltr'>dissimulaverat,</span> <span class='ocrx_word' id='word_1_75' title='bbox 445 1164 671 1230; x_wconf 81' lang='lat' dir='ltr'>satisfacientem,</span> <span class='ocrx_word' id='word_1_76' title='bbox 687 1165 782 1217; x_wconf 86' lang='lat' dir='ltr'>eadem</span> 
     </span>
     <span class='ocr_line' id='line_1_13' title="bbox 58 1235 783 1307; baseline 0.003 -18"><span class='ocrx_word' id='word_1_77' title='bbox 58 1237 179 1289; x_wconf 83' lang='lat' dir='ltr'>adhibuit</span> <span class='ocrx_word' id='word_1_78' title='bbox 193 1252 307 1302; x_wconf 87' lang='lat' dir='ltr'>coenae,</span> <span class='ocrx_word' id='word_1_79' title='bbox 329 1235 505 1305; x_wconf 88' lang='lat' dir='ltr'>hospitioque</span> <span class='ocrx_word' id='word_1_80' title='bbox 518 1240 606 1307; x_wconf 87' lang='lat' dir='ltr'>patris</span> <span class='ocrx_word' id='word_1_81' title='bbox 619 1239 691 1304; x_wconf 88' lang='lat' dir='ltr'>eius,</span> <span class='ocrx_word' id='word_1_82' title='bbox 712 1240 783 1291; x_wconf 88' lang='lat' dir='ltr'>sicat</span> 
     </span>
     <span class='ocr_line' id='line_1_14' title="bbox 58 1312 435 1378; baseline -0.005 -13"><span class='ocrx_word' id='word_1_83' title='bbox 58 1319 180 1376; x_wconf 79' lang='lat' dir='ltr'>araverat,</span> <span class='ocrx_word' id='word_1_84' title='bbox 190 1312 234 1363; x_wconf 88' lang='lat' dir='ltr'>uti</span> <span class='ocrx_word' id='word_1_85' title='bbox 244 1312 435 1378; x_wconf 87' lang='lat' dir='ltr'>perseveravit.</span> 
     </span>
    </p>

    <p class='ocr_par' dir='ltr' id='par_1_4' title="bbox 58 1385 783 2791">
     <span class='ocr_line' id='line_1_15' title="bbox 58 1385 781 1440; baseline 0.001 -3"><span class='ocrx_word' id='word_1_86' title='bbox 58 1385 171 1440; x_wconf 72' lang='lat' dir='ltr'>axxlv.</span> <span class='ocrx_word' id='word_1_87' title='bbox 193 1386 248 1438; x_wconf 85' lang='lat' dir='ltr'>Sed</span> <span class='ocrx_word' id='word_1_88' title='bbox 258 1391 285 1437; x_wconf 91' lang='lat' dir='ltr'>et</span> <span class='ocrx_word' id='word_1_89' title='bbox 294 1387 323 1437; x_wconf 92' lang='lat' dir='ltr'>in</span> <span class='ocrx_word' id='word_1_90' title='bbox 336 1386 495 1438; x_wconf 76' lang='lat' dir='ltr'>ulcisoernio</span> <span class='ocrx_word' id='word_1_91' title='bbox 508 1392 608 1439; x_wconf 90' lang='lat' dir='ltr'>natura</span> <span class='ocrx_word' id='word_1_92' title='bbox 617 1388 781 1440; x_wconf 87' lang='lat' dir='ltr'>lenissimus.</span> 
     </span>
     <span class='ocr_line' id='line_1_16' title="bbox 58 1461 782 1529; baseline -0.001 -16"><span class='ocrx_word' id='word_1_93' title='bbox 58 1468 107 1527; x_wconf 84' lang='lat' dir='ltr'>tas,</span> <span class='ocrx_word' id='word_1_94' title='bbox 114 1477 132 1512; x_wconf 93' lang='lat' dir='ltr'>a</span> <span class='ocrx_word' id='word_1_95' title='bbox 143 1461 245 1529; x_wconf 87' lang='lat' dir='ltr'>quibus</span> <span class='ocrx_word' id='word_1_96' title='bbox 256 1467 352 1526; x_wconf 89' lang='lat' dir='ltr'>captus</span> <span class='ocrx_word' id='word_1_97' title='bbox 362 1468 411 1523; x_wconf 85' lang='lat' dir='ltr'>est,</span> <span class='ocrx_word' id='word_1_98' title='bbox 418 1476 501 1527; x_wconf 84' lang='lat' dir='ltr'>quum</span> <span class='ocrx_word' id='word_1_99' title='bbox 510 1461 539 1512; x_wconf 93' lang='lat' dir='ltr'>in</span> <span class='ocrx_word' id='word_1_100' title='bbox 551 1461 717 1515; x_wconf 87' lang='lat' dir='ltr'>deditionem</span> <span class='ocrx_word' id='word_1_101' title='bbox 722 1463 782 1514; x_wconf 88' lang='lat' dir='ltr'>red·</span> 
     </span>
     <span class='ocr_line' id='line_1_17' title="bbox 58 1534 781 1603; baseline -0.001 -16"><span class='ocrx_word' id='word_1_102' title='bbox 58 1542 103 1600; x_wconf 82' lang='lat' dir='ltr'>set,</span> <span class='ocrx_word' id='word_1_103' title='bbox 118 1534 423 1603; x_wconf 84' lang='lat' dir='ltr'>quoniamsutiixurum</span> <span class='ocrx_word' id='word_1_104' title='bbox 433 1550 464 1584; x_wconf 88' lang='lat' dir='ltr'>se</span> <span class='ocrx_word' id='word_1_105' title='bbox 474 1536 622 1587; x_wconf 84' lang='lat' dir='ltr'>cruciante</span> <span class='ocrx_word' id='word_1_106' title='bbox 633 1537 781 1599; x_wconf 84' lang='lat' dir='ltr'>iuraverat,</span> 
     </span>
     <span class='ocr_line' id='line_1_18' title="bbox 58 1606 782 1677; baseline 0 -16"><span class='ocrx_word' id='word_1_107' title='bbox 58 1609 110 1661; x_wconf 88' lang='lat' dir='ltr'>lari</span> <span class='ocrx_word' id='word_1_108' title='bbox 120 1611 198 1677; x_wconf 88' lang='lat' dir='ltr'>prius</span> <span class='ocrx_word' id='word_1_109' title='bbox 208 1608 302 1673; x_wconf 90' lang='lat' dir='ltr'>iussit,</span> <span class='ocrx_word' id='word_1_110' title='bbox 325 1606 423 1660; x_wconf 87' lang='lat' dir='ltr'>deinde</span> <span class='ocrx_word' id='word_1_111' title='bbox 433 1608 533 1674; x_wconf 79' lang='lat' dir='ltr'>suffigi.</span> <span class='ocrx_word' id='word_1_112' title='bbox 573 1609 701 1660; x_wconf 81' lang='lat' dir='ltr'>Cornelio</span> <span class='ocrx_word' id='word_1_113' title='bbox 712 1607 782 1661; x_wconf 88' lang='lat' dir='ltr'>Pha·</span> 
     </span>
     <span class='ocr_line' id='line_1_19' title="bbox 58 1682 783 1750; baseline -0.004 -14"><span class='ocrx_word' id='word_1_114' title='bbox 58 1700 77 1749; x_wconf 76' lang='lat' dir='ltr'>e,</span> <span class='ocrx_word' id='word_1_115' title='bbox 97 1685 176 1736; x_wconf 88' lang='lat' dir='ltr'>cuius</span> <span class='ocrx_word' id='word_1_116' title='bbox 197 1683 336 1750; x_wconf 87' lang='lat' dir='ltr'>quondam</span> <span class='ocrx_word' id='word_1_117' title='bbox 355 1687 505 1735; x_wconf 84' lang='lat' dir='ltr'>nocturnas</span> <span class='ocrx_word' id='word_1_118' title='bbox 523 1682 641 1733; x_wconf 87' lang='lat' dir='ltr'>insidias</span> <span class='ocrx_word' id='word_1_119' title='bbox 655 1696 737 1748; x_wconf 78' lang='lat' dir='ltr'>aeger</span> <span class='ocrx_word' id='word_1_120' title='bbox 751 1698 783 1733; x_wconf 85' lang='lat' dir='ltr'>sc</span> 
     </span>
     <span class='ocr_line' id='line_1_20' title="bbox 58 1755 781 1826; baseline -0.006 -15"><span class='ocrx_word' id='word_1_121' title='bbox 58 1774 85 1823; x_wconf 81' lang='lat' dir='ltr'>n,</span> <span class='ocrx_word' id='word_1_122' title='bbox 96 1775 130 1811; x_wconf 90' lang='lat' dir='ltr'>ne</span> <span class='ocrx_word' id='word_1_123' title='bbox 141 1757 336 1826; x_wconf 82' lang='lat' dir='ltr'>perduceretur</span> <span class='ocrx_word' id='word_1_124' title='bbox 346 1757 382 1809; x_wconf 93' lang='lat' dir='ltr'>ad</span> <span class='ocrx_word' id='word_1_125' title='bbox 393 1756 509 1820; x_wconf 84' lang='lat' dir='ltr'>Sullam,</span> <span class='ocrx_word' id='word_1_126' title='bbox 524 1757 571 1807; x_wconf 81' lang='lat' dir='ltr'>vix</span> <span class='ocrx_word' id='word_1_127' title='bbox 581 1755 704 1823; x_wconf 87' lang='lat' dir='ltr'>praemio</span> <span class='ocrx_word' id='word_1_128' title='bbox 715 1756 781 1807; x_wconf 89' lang='lat' dir='ltr'>data</span> 
     </span>
     <span class='ocr_line' id='line_1_21' title="bbox 58 1828 783 1899; baseline -0.006 -14"><span class='ocrx_word' id='word_1_129' title='bbox 58 1840 121 1897; x_wconf 86' lang='lat' dir='ltr'>erat,</span> <span class='ocrx_word' id='word_1_130' title='bbox 132 1846 273 1899; x_wconf 89' lang='lat' dir='ltr'>nunquam</span> <span class='ocrx_word' id='word_1_131' title='bbox 281 1847 382 1883; x_wconf 87' lang='lat' dir='ltr'>nocere</span> <span class='ocrx_word' id='word_1_132' title='bbox 392 1831 530 1882; x_wconf 80' lang='lat' dir='ltr'>mstinnit.</span> <span class='ocrx_word' id='word_1_133' title='bbox 568 1828 753 1883; x_wconf 83' lang='lat' dir='ltr'>Philemonem</span> <span class='ocrx_word' id='word_1_134' title='bbox 766 1846 783 1881; x_wconf 91' lang='lat' dir='ltr'>a</span> 
     </span>
     <span class='ocr_line' id='line_1_22' title="bbox 58 1907 782 1974; baseline -0.001 -15"><span class='ocrx_word' id='word_1_135' title='bbox 58 1924 199 1971; x_wconf 78' lang='lat' dir='ltr'>acervam,</span> <span class='ocrx_word' id='word_1_136' title='bbox 211 1907 259 1974; x_wconf 86' lang='lat' dir='ltr'>qui</span> <span class='ocrx_word' id='word_1_137' title='bbox 268 1922 360 1959; x_wconf 90' lang='lat' dir='ltr'>necem</span> <span class='ocrx_word' id='word_1_138' title='bbox 371 1921 449 1957; x_wconf 86' lang='lat' dir='ltr'>snam</span> <span class='ocrx_word' id='word_1_139' title='bbox 463 1922 512 1974; x_wconf 88' lang='lat' dir='ltr'>per</span> <span class='ocrx_word' id='word_1_140' title='bbox 520 1921 652 1959; x_wconf 84' lang='lat' dir='ltr'>venenum</span> <span class='ocrx_word' id='word_1_141' title='bbox 662 1907 782 1958; x_wconf 88' lang='lat' dir='ltr'>inimicis</span> 
     </span>
     <span class='ocr_line' id='line_1_23' title="bbox 58 1981 780 2049; baseline -0.001 -16"><span class='ocrx_word' id='word_1_142' title='bbox 58 1983 162 2045; x_wconf 80' lang='lat' dir='ltr'>riserat,</span> <span class='ocrx_word' id='word_1_143' title='bbox 173 1996 231 2032; x_wconf 91' lang='lat' dir='ltr'>non</span> <span class='ocrx_word' id='word_1_144' title='bbox 241 1981 352 2048; x_wconf 81' lang='lat' dir='ltr'>gravius</span> <span class='ocrx_word' id='word_1_145' title='bbox 363 1996 444 2049; x_wconf 86' lang='lat' dir='ltr'>quam</span> <span class='ocrx_word' id='word_1_146' title='bbox 455 1981 575 2048; x_wconf 88' lang='lat' dir='ltr'>simplici</span> <span class='ocrx_word' id='word_1_147' title='bbox 584 1986 672 2032; x_wconf 91' lang='lat' dir='ltr'>morte</span> <span class='ocrx_word' id='word_1_148' title='bbox 682 1981 780 2049; x_wconf 87' lang='lat' dir='ltr'>puniit.</span> 
     </span>
     <span class='ocr_line' id='line_1_24' title="bbox 58 2054 781 2122; baseline -0.003 -14"><span class='ocrx_word' id='word_1_149' title='bbox 58 2057 215 2119; x_wconf 82' lang='lat' dir='ltr'>‚clodium‚</span> <span class='ocrx_word' id='word_1_150' title='bbox 231 2054 380 2122; x_wconf 86' lang='lat' dir='ltr'>Pompeiae</span> <span class='ocrx_word' id='word_1_151' title='bbox 393 2055 489 2106; x_wconf 87' lang='lat' dir='ltr'>uxoris</span> <span class='ocrx_word' id='word_1_152' title='bbox 499 2071 566 2107; x_wconf 88' lang='lat' dir='ltr'>snae</span> <span class='ocrx_word' id='word_1_153' title='bbox 577 2055 730 2108; x_wconf 90' lang='lat' dir='ltr'>adulterum</span> <span class='ocrx_word' id='word_1_154' title='bbox 741 2062 781 2107; x_wconf 86' lang='lat' dir='ltr'>ut·</span> 
     </span>
     <span class='ocr_line' id='line_1_25' title="bbox 58 2129 781 2196; baseline -0.001 -13"><span class='ocrx_word' id='word_1_155' title='bbox 58 2132 146 2184; x_wconf 78' lang='lat' dir='ltr'>eadem</span> <span class='ocrx_word' id='word_1_156' title='bbox 158 2130 192 2181; x_wconf 91' lang='lat' dir='ltr'>de</span> <span class='ocrx_word' id='word_1_157' title='bbox 202 2129 458 2196; x_wconf 87' lang='lat' dir='ltr'>causapoilutarnm</span> <span class='ocrx_word' id='word_1_158' title='bbox 464 2130 691 2181; x_wconf 88' lang='lat' dir='ltr'>caerimoniarum</span> <span class='ocrx_word' id='word_1_159' title='bbox 696 2146 781 2196; x_wconf 84' lang='lat' dir='ltr'>reum,</span> 
     </span>
     <span class='ocr_line' id='line_1_26' title="bbox 58 2204 782 2273; baseline -0.004 -15"><span class='ocrx_word' id='word_1_160' title='bbox 58 2207 187 2268; x_wconf 82' lang='lat' dir='ltr'>scitatus,</span> <span class='ocrx_word' id='word_1_161' title='bbox 193 2204 305 2272; x_wconf 81' lang='lat' dir='ltr'>negavit</span> <span class='ocrx_word' id='word_1_162' title='bbox 313 2220 343 2255; x_wconf 88' lang='lat' dir='ltr'>se</span> <span class='ocrx_word' id='word_1_163' title='bbox 348 2204 493 2271; x_wconf 88' lang='lat' dir='ltr'>quicquam</span> <span class='ocrx_word' id='word_1_164' title='bbox 499 2206 677 2272; x_wconf 86' lang='lat' dir='ltr'>comperisse,</span> <span class='ocrx_word' id='word_1_165' title='bbox 689 2220 782 2273; x_wconf 83' lang='lat' dir='ltr'>quam·</span> 
     </span>
     <span class='ocr_line' id='line_1_27' title="bbox 58 2278 782 2346; baseline -0.008 -13"><span class='ocrx_word' id='word_1_166' title='bbox 58 2287 72 2332; x_wconf 84' lang='lat' dir='ltr'>t</span> <span class='ocrx_word' id='word_1_167' title='bbox 84 2286 174 2332; x_wconf 88' lang='lat' dir='ltr'>mater</span> <span class='ocrx_word' id='word_1_168' title='bbox 184 2279 297 2330; x_wconf 79' lang='lat' dir='ltr'>Aurelia</span> <span class='ocrx_word' id='word_1_169' title='bbox 311 2283 339 2329; x_wconf 88' lang='lat' dir='ltr'>et</span> <span class='ocrx_word' id='word_1_170' title='bbox 352 2278 514 2330; x_wconf 87' lang='lat' dir='ltr'>sororlulia</span> <span class='ocrx_word' id='word_1_171' title='bbox 528 2280 601 2346; x_wconf 88' lang='lat' dir='ltr'>apud</span> <span class='ocrx_word' id='word_1_172' title='bbox 615 2278 727 2331; x_wconf 87' lang='lat' dir='ltr'>eosdem</span> <span class='ocrx_word' id='word_1_173' title='bbox 741 2278 782 2327; x_wconf 88' lang='lat' dir='ltr'>in·</span> 
     </span>
     <span class='ocr_line' id='line_1_28' title="bbox 58 2353 783 2421; baseline -0.01 -15"><span class='ocrx_word' id='word_1_174' title='bbox 58 2355 170 2407; x_wconf 73' lang='lat' dir='ltr'>tomnia</span> <span class='ocrx_word' id='word_1_175' title='bbox 182 2368 217 2405; x_wconf 86' lang='lat' dir='ltr'>ex</span> <span class='ocrx_word' id='word_1_176' title='bbox 228 2353 281 2405; x_wconf 85' lang='lat' dir='ltr'>fide</span> <span class='ocrx_word' id='word_1_177' title='bbox 290 2353 459 2415; x_wconf 85' lang='lat' dir='ltr'>retulissent3</span> <span class='ocrx_word' id='word_1_178' title='bbox 473 2354 723 2421; x_wconf 86' lang='lat' dir='ltr'>interrogatusque,</span> <span class='ocrx_word' id='word_1_179' title='bbox 735 2365 783 2400; x_wconf 88' lang='lat' dir='ltr'>cur</span> 
     </span>
     <span class='ocr_line' id='line_1_29' title="bbox 59 2427 783 2497; baseline -0.012 -15"><span class='ocrx_word' id='word_1_180' title='bbox 59 2445 74 2481; x_wconf 88' lang='lat' dir='ltr'>r</span> <span class='ocrx_word' id='word_1_181' title='bbox 91 2428 269 2497; x_wconf 87' lang='lat' dir='ltr'>repudiasset</span> <span class='ocrx_word' id='word_1_182' title='bbox 286 2440 412 2490; x_wconf 83' lang='lat' dir='ltr'>uxorem,</span> <span class='ocrx_word' id='word_1_183' title='bbox 430 2427 572 2491; x_wconf 81' lang='lat' dir='ltr'>Quoniam,</span> <span class='ocrx_word' id='word_1_184' title='bbox 592 2427 695 2493; x_wconf 90' lang='lat' dir='ltr'>inquit,</span> <span class='ocrx_word' id='word_1_185' title='bbox 713 2440 783 2475; x_wconf 71' lang='lat' dir='ltr'>mma</span> 
     </span>
     <span class='ocr_line' id='line_1_30' title="bbox 59 2501 743 2571; baseline -0.007 -18"><span class='ocrx_word' id='word_1_186' title='bbox 59 2503 202 2571; x_wconf 60' lang='lat' dir='ltr'>aspicisne</span> <span class='ocrx_word' id='word_1_187' title='bbox 212 2517 290 2568; x_wconf 75' lang='grc' dir='ltr'><strong>ᾳιιαιη</strong></span> <span class='ocrx_word' id='word_1_188' title='bbox 300 2501 409 2553; x_wconf 65' lang='lat' dir='ltr'>moriae</span> <span class='ocrx_word' id='word_1_189' title='bbox 418 2501 505 2553; x_wconf 76' lang='lat' dir='ltr'>iudico</span> <span class='ocrx_word' id='word_1_190' title='bbox 515 2516 605 2553; x_wconf 82' lang='lat' dir='ltr'>carere</span> <span class='ocrx_word' id='word_1_191' title='bbox 615 2507 743 2566; x_wconf 81' lang='lat' dir='ltr'>oportere.</span> 
     </span>
     <span class='ocr_line' id='line_1_31' title="bbox 59 2574 782 2639; baseline -0.004 -11"><span class='ocrx_word' id='word_1_192' title='bbox 59 2576 158 2630; x_wconf 72' lang='lat' dir='ltr'>dlxv.</span> <span class='ocrx_word' id='word_1_193' title='bbox 179 2575 399 2629; x_wconf 85' lang='lat' dir='ltr'>Moderationem</span> <span class='ocrx_word' id='word_1_194' title='bbox 412 2591 478 2628; x_wconf 83' lang='lat' dir='ltr'>vero</span> <span class='ocrx_word' id='word_1_195' title='bbox 491 2574 714 2639; x_wconf 85' lang='lat' dir='ltr'>clementiamque</span> <span class='ocrx_word' id='word_1_196' title='bbox 723 2578 782 2625; x_wconf 77' lang='lat' dir='ltr'>tum</span> 
     </span>
     <span class='ocr_line' id='line_1_32' title="bbox 59 2646 781 2704; baseline -0.006 -2"><span class='ocrx_word' id='word_1_197' title='bbox 59 2651 269 2704; x_wconf 86' lang='lat' dir='ltr'>ministratione</span> <span class='ocrx_word' id='word_1_198' title='bbox 278 2656 334 2702; x_wconf 87' lang='lat' dir='ltr'>tum</span> <span class='ocrx_word' id='word_1_199' title='bbox 349 2650 379 2701; x_wconf 87' lang='lat' dir='ltr'>in</span> <span class='ocrx_word' id='word_1_200' title='bbox 392 2650 511 2701; x_wconf 86' lang='lat' dir='ltr'>victoria</span> <span class='ocrx_word' id='word_1_201' title='bbox 520 2647 588 2699; x_wconf 88' lang='lat' dir='ltr'>belli</span> <span class='ocrx_word' id='word_1_202' title='bbox 597 2646 686 2697; x_wconf 82' lang='lat' dir='ltr'>civilis</span> <span class='ocrx_word' id='word_1_203' title='bbox 696 2647 781 2698; x_wconf 86' lang='lat' dir='ltr'>admi·</span> 
     </span>
     <span class='ocr_line' id='line_1_33' title="bbox 59 2720 782 2791; baseline -0.011 -12"><span class='ocrx_word' id='word_1_204' title='bbox 59 2743 102 2779; x_wconf 87' lang='lat' dir='ltr'>em</span> <span class='ocrx_word' id='word_1_205' title='bbox 112 2723 252 2778; x_wconf 85' lang='lat' dir='ltr'>exhibuit.</span> <span class='ocrx_word' id='word_1_206' title='bbox 289 2724 480 2777; x_wconf 85' lang='lat' dir='ltr'>Danunciaute</span> <span class='ocrx_word' id='word_1_207' title='bbox 488 2721 635 2790; x_wconf 83' lang='lat' dir='ltr'>Pompelo,</span> <span class='ocrx_word' id='word_1_208' title='bbox 643 2734 691 2791; x_wconf 69' lang='lat' dir='ltr'>prs</span> <span class='ocrx_word' id='word_1_209' title='bbox 702 2720 782 2775; x_wconf 68' lang='lat' dir='ltr'>losa-</span> 
     </span>
    </p>
   </div>
   <div class='ocr_carea' id='block_1_4' title="bbox 0 0 916 3068">
    <p class='ocr_par' dir='ltr' id='par_1_5' title="bbox 0 0 916 3068">
     <span class='ocr_line' id='line_1_34' title="bbox 0 0 916 3068; baseline 0 0"><span class='ocrx_word' id='word_1_210' title='bbox 0 0 916 3068; x_wconf 95' lang='lat' dir='ltr'> </span> 
     </span>
    </p>
   </div>
  </div>
 </body>
</html>
