1822 3068
136 535 167 587 G·
197 535 441 589 SUETONll
470 532 774 601 'l'RANQUILLl

240 691 400 741 LIBER
434 691 668 741 TERTlU&

83 840 368 945 tinnulos
404 841 562 909 nuno
596 842 841 910 csusno.

118 1166 139 1219 ι
155 1142 297 1225 Potum
311 1182 377 1237 gens
393 1166 511 1221 claudia
526 1167 593 1233 (furt
607 1168 679 1221 emm
693 1176 722 1222 e
732 1168 855 1238 suape-

82 1234 138 1307 len,
153 1258 203 1298 nec
217 1244 345 1313 potentio
357 1243 450 1296 minor
462 1259 514 1295 nec
528 1244 675 1311 dignitate)
691 1250 754 1297 orta
768 1250 854 1297 estex

82 1307 197 1444 llll
208 1316 854 1460 lllllallllllmltlllllsffiz

83 1468 170 1518 *istem
179 1466 247 1518 'l'ito
258 1466 357 1531 Tatio,
369 1471 498 1518 consorte
507 1464 632 1528 Romuli,
641 1464 699 1529 vel,
711 1465 786 1534 quod
796 1481 853 1518 ma·

81 1532 232 1606 llicoustat,
243 1540 309 1592 Atta
320 1540 452 1605 Claudio,
463 1538 553 1606 gentis
563 1537 696 1604 principe.
733 1536 803 1589 Post
812 1555 853 1590 re·

79 1616 112 1669 itt
120 1620 241 1681 exactos,
258 1620 337 1667 sexto
346 1613 404 1667 lere
415 1628 503 1678 enno,
516 1611 671 1663 aPatsibus
681 1612 710 1662 iu
720 1612 854 1677 panicios

79 1691 202 1755 cooptata,
224 1704 321 1757 agrum
334 1689 447 1757 insuper
461 1694 539 1740 trans
552 1686 682 1737 Anienem
698 1684 853 1750 clientibus,

76 1745 202 1833 licumque
212 1764 269 1815 sibi
279 1762 316 1815 ad
326 1762 496 1830 sepulturam
505 1762 556 1813 sub
568 1759 708 1828 Capitolio
714 1798 722 1825 ‚
743 1758 854 1828 publice

76 1836 173 1905 lccepit.
211 1837 350 1906 Deinceps
373 1836 540 1905 procedente
562 1841 688 1904 tempore
713 1834 854 1887 duodetri-

76 1902 137 1965 llnta
150 1912 323 1977 consulatus,
344 1910 496 1963 dictaturas
515 1909 647 1978 quinque,
667 1922 797 1962 censuras
812 1926 854 1964 se·

76 1982 146 2049 item,
159 1984 315 2054 ninmphos
326 1991 443 2053 septem,
455 1984 524 2036 (luas
536 1985 679 2037 ovationes
691 1984 792 2054 adepta
801 1991 852 2039 est.

76 2044 148 2112 lum
157 2060 381 2129 praenominibus
392 2058 655 2128 cognominibusque
663 2060 852 2112 varlisdlstiu·

76 2136 192 2201 meretur,
198 2133 282 2185 Lucii
291 2148 458 2202 praenomen
469 2126 853 2202 consensurepudiaritpost·

76 2208 283 2265 luameduobus
292 2208 455 2276 gentilibus,
475 2207 609 2275 praeditis
620 2222 668 2270 eo,
685 2207 851 2259 alterlatro-

76 2272 137 2345 inii,
156 2282 249 2335 caedis
264 2282 334 2334 alter
348 2282 490 2334 convictus
510 2288 560 2334 est.
582 2282 672 2333 luter
686 2280 853 2346 cognomina

76 2356 149 2405 utem
158 2362 185 2408 et
194 2355 307 2408 Neronis
318 2356 479 2425 assumpsit,
500 2372 555 2426 quo
571 2354 743 2424 significatur
756 2353 852 2421 lingue

76 2416 161 2480 labina
169 2428 251 2483 fortis
262 2446 295 2484 ac
305 2437 440 2484 strenuus.

116 2500 146 2553 ll.
165 2504 255 2557 Multa
262 2506 412 2559 multorum
423 2505 603 2558 Claudiorum
618 2502 730 2569 egregia
742 2501 850 2566 merito,

76 2572 144 2628 nolte
158 2580 240 2632 etiam
254 2596 333 2635 secus
349 2580 472 2633 admissa
485 2581 515 2632 lu
525 2574 722 2645 rempublicam
731 2580 850 2629 exstent.

100 2665 233 2718 sunnon.
621 2666 644 2711 Η
