1822 3068
126 188 176 240 242
404 191 432 235 C.
458 187 646 237 suuroun

128 312 244 376 Quoties
254 312 363 364 Ostiam
372 311 469 363 Tiberi
478 311 618 375 delineret,
630 315 680 363 aut
687 310 823 363 Bdauum
831 310 902 361 ιίιιιι

126 388 392 455 praeternavigaret,
411 386 564 452 dispositae
581 401 632 453 per
650 385 738 437 litora
752 392 781 437 et
792 385 863 452 ripas
873 383 901 434 di

125 462 267 514 versoriae
285 462 418 513 tabernae
436 461 621 528 parabantur,
640 460 765 527 insignes
778 463 901 528 ganeaeet

125 542 327 600 mauonaruru,
345 535 501 586 institorias
521 549 619 601 operas
638 534 819 598 imitantium,
838 539 900 599 atum

125 608 608 676 hincindeorantium,utappelleret.
623 606 899 660 lndicebutetiamiiia·

125 685 202 737 ribus
213 699 327 748 coenas,
343 698 460 751 quorum
469 683 519 733 uni
532 682 638 734 mellita
648 682 815 750 quadragies
824 686 898 733 sesu-

124 757 395 821 tioooustidtalteri
404 757 491 823 pluris
501 754 898 825 aliquantoabsorptiorosaria

182 830 309 884 xxviii.
330 830 418 896 Super
431 830 612 896 ingenuorum
632 831 809 898 paedagogia
825 836 852 882 et
864 842 898 881 m·

127 912 236 975 ptarum
247 903 807 972 concubinatus,Vestali.virginiRubriae
816 902 899 956 vimir-

125 980 199 1031 tulit.
237 979 322 1030 Acten
332 978 460 1030 libertam
470 977 593 1046 paullum
603 978 694 1031 abfuit
705 980 772 1046 quin
781 980 898 1031 iuston·

125 1054 257 1105 trimonio
277 1053 333 1105 sibi
352 1054 543 1120 coniungeret,
559 1054 714 1104 summissis
730 1051 899 1106 cumulante

126 1128 206 1192 viris,
227 1128 276 1196 qui
289 1127 366 1194 regio
381 1142 479 1194 genere
494 1132 584 1179 ortam
601 1127 767 1193 peierarent.
805 1126 900 1178 Pom

128 1202 259 1269 Sporum,
270 1201 387 1253 exsectis
396 1201 525 1265 testibus,
536 1201 619 1253 etiam
633 1202 664 1252 in
673 1202 833 1254 muliebrem
841 1204 900 1253 natu·

125 1292 186 1327 ram
195 1275 392 1342 transligrnare
403 1281 531 1339 conatum,
543 1291 604 1327 cum
615 1276 681 1328 dote
691 1281 720 1328 et
728 1275 900 1341 flammeum

127 1349 273 1402 sollemnia
292 1349 451 1417 nuptiarum
470 1349 647 1405 celeberrimo
664 1350 759 1403 officio
778 1350 900 1402 aeduum

128 1422 164 1474 ad
177 1438 220 1486 se,
236 1439 287 1490 pro
301 1438 388 1475 rixore
402 1421 508 1475 babuit.
546 1423 901 1491 Exstatqaiecuiusdamm!

126 1498 265 1549 inscitus
256 1513 348 1561 rocus,
359 1495 434 1549 Beue
447 1496 497 1566 agi
504 1497 623 1565 potuisse
631 1514 692 1551 mm
705 1499 783 1550 rebus
793 1492 900 1569 impia

127 1590 151 1623 m
146 1570 304 1624 'Doniitius
319 1581 399 1638 pater
418 1572 496 1625 talem
519 1570 654 1625 habuisset
675 1588 795 1625 morem.
839 1556 901 1623 iliu

129 1647 261 1716 Sporum,
272 1647 456 1714 Augustarum
467 1647 635 1698 ornamentis
646 1647 800 1712 excultum,
814 1644 901 1699 lectu

130 1726 316 1789 quercetum,
336 1727 364 1772 et
381 1722 455 1773 circa
469 1727 618 1785 conventus
632 1728 825 1791 mercatusque
837 1718 901 1773 au

130 1797 203 1859 ciae,
220 1810 253 1846 ac
266 1809 331 1846 mox
345 1795 450 1848 Romae
465 1796 539 1847 circa
553 1794 697 1863 Sigillaria
711 1797 856 1848 comitatus
865 1796 901 1852 lli

129 1869 279 1921 identidem
290 1869 462 1920 exosculans.
501 1869 571 1922 Nam
582 1870 680 1922 matris
691 1871 901 1933 concubitum

129 1943 244 2009 petisse,
265 1949 293 1994 et
313 1943 347 1994 ab
363 1945 595 1996 obtrectatoribus
605 1945 678 2008 eius,
699 1960 735 1997 ne
749 1944 827 1998 ferox
841 1946 901 2009 aba·

129 2018 267 2083 impotens
287 2016 386 2068 mulier
400 2023 428 2069 et
442 2015 495 2070 boc
509 2033 608 2086 genere
621 2019 730 2086 gratiae
744 2015 900 2086 praevales,

131 2090 301 2154 deterritum,
311 2107 391 2143 nemo
403 2092 540 2144 dubitavit
550 2109 557 2155 3
577 2093 672 2160 utique
683 2100 831 2161 postquam
839 2100 900 2143 mett·

129 2166 237 2229 tricem,
248 2181 329 2231 quam
340 2164 416 2217 fama
425 2167 656 2234 eratbgrippinae
666 2168 843 2231 simillimam,
850 2165 901 2215 ints

132 2240 301 2292 concubinas
311 2241 422 2310 recepit.
444 2241 516 2292 Olim
527 2241 624 2305 etiam,
635 2242 747 2308 quoties
757 2242 900 2295 bedun·

130 2313 384 2379 matrcveberetur,
396 2315 571 2367 libidinatum
580 2317 697 2381 inceste,
714 2314 901 2370 aomaoulitlt

132 2391 182 2441 stis
192 2390 345 2457 proditum
356 2391 501 2445 affirmant.

187 2464 289 2516 xxix.
320 2463 403 2515 Suam
428 2465 538 2532 quidem
561 2463 725 2532 pudicitiam
750 2479 834 2532 usque
851 2457 899 2511 adel

133 2539 289 2605 prostituit,
303 2539 778 2606 utcontaminatispaeneomnibus
787 2530 899 2590 ueniri·

132 2613 283 2665 novissime
297 2615 378 2682 quasi
390 2628 476 2682 genus
490 2614 567 2664 lusus
581 2614 768 2681 excogitaret,
784 2627 835 2681 quo
847 2606 899 2659 ferit

129 2685 204 2754 pelle
218 2694 360 2742 contectus
374 2688 544 2744 emittereurr
557 2703 571 2740 c
586 2702 685 2756 cavea,
704 2688 869 2753 atomum
878 2687 899 2726 ⁸⁰
