1874 3060
114 111 165 164 itt
389 117 415 160 C.
443 114 630 162 svnromu

114 238 165 302 cit,
187 237 372 306 quamprimo
391 234 597 300 Transitorium,
618 250 696 301 mox,
716 236 846 291 incendio
862 238 903 290 ab·

114 317 250 379 sumptam
270 311 491 379 restitutamque,
511 311 628 362 Auream
646 311 809 363 nominavit.
865 311 903 365 lle

115 385 194 437 cuius
222 386 313 454 spatio
335 391 417 454 atque
438 386 514 437 cultu
537 384 679 436 suffecerit
696 382 751 436 hoc
770 385 901 438 retulisse.

112 457 287 511 Vestibulum
298 459 357 511 eius
367 459 433 523 fuit,
448 459 478 509 in
489 475 543 526 quo
554 459 679 511 colossus
691 464 800 510 centum
808 460 902 527 viginti

111 534 213 602 pedum
223 539 309 584 staret
317 533 406 600 ipsius
416 534 519 599 effigie;
534 539 612 584 tanta
621 533 731 597 laxitas,
742 538 775 584 ut
783 534 901 600 porticus

111 607 236 675 triplices
259 607 405 658 milliarias
429 605 560 670 haberet;
588 607 654 658 item
673 612 803 675 stagnum
823 608 900 659 muris

111 682 213 746 instar,
226 682 436 748 circumseptum
447 681 581 733 aedificiis
595 681 631 732 ad
643 681 753 732 urbium
769 681 899 748 speciem

111 770 178 807 rina
192 756 305 822 insuper
319 756 393 806 arvis
408 760 489 824 atque
502 755 601 808 vinetis
612 760 640 806 et
649 755 759 823 pascuis
775 755 900 825 silvisque

110 830 203 894 vada,
224 845 286 882 cum
304 829 479 881 multitudiue
494 829 583 881 omnis
602 829 709 896 generis
723 829 859 897 pecudum
871 843 900 880 uc

111 902 241 955 ferarum.
280 903 311 954 ln
326 903 423 956 ceteris
436 904 562 970 partibus
576 909 674 954 cuncta
688 917 757 955 auro
771 903 837 968 lita,
852 903 901 954 dis·

110 978 200 1028 tincta
212 978 327 1045 gemmis
340 978 527 1045 unionumque
542 975 654 1029 conchis
669 983 757 1028 erant.
802 976 900 1029 Coena·

110 1051 202 1102 tiones
225 1052 371 1118 laqueatae
390 1051 493 1102 tabulis
514 1052 640 1103 eburneis
659 1050 850 1116 versatilibus,
872 1056 901 1101 ut

110 1125 207 1189 flores,
223 1125 366 1189 tismlatis,
380 1132 412 1176 ut
424 1132 564 1193 unguenta
574 1125 691 1192 desuper
700 1129 900 1193 spargerentur.

109 1197 265 1266 Praecipua
276 1200 468 1250 coenationum
478 1200 611 1264 rotunda,
623 1214 693 1267 quae
702 1204 837 1266 perpetuo
848 1198 900 1251 die·

109 1272 163 1323 bus
183 1287 216 1323 ac
234 1274 362 1325 noctibus
376 1274 436 1325 vice
455 1273 552 1325 mnndi
566 1275 815 1340 circumageretur:
834 1272 900 1325 bali-

109 1360 179 1398 neae
198 1348 314 1398 marinis
334 1353 362 1398 et
380 1347 487 1399 Albulis
501 1348 615 1399 ilnentes
630 1348 719 1415 aquis.
757 1346 900 1399 Eiusmodi

110 1419 223 1472 domum
243 1436 327 1489 quum
346 1422 502 1472 absolutam
517 1421 669 1486 dedicaret,
684 1419 817 1473 hactenus
831 1436 900 1473 com·

109 1495 252 1562 probavit,
266 1502 299 1546 ut
308 1511 335 1546 se
346 1496 449 1547 diceret
458 1495 536 1562 quasi
544 1495 674 1547 bominem
684 1495 792 1547 taudem
800 1493 899 1547 dubiu-

109 1568 270 1636 rscoeps'sse.
309 1569 455 1621 Praeterea
464 1568 614 1621 inchoabat
622 1569 756 1636 piscinam
768 1568 899 1622 abiiseuo

110 1643 147 1694 ad
161 1644 296 1695 Avernum
311 1643 414 1708 lacum,
436 1650 602 1707 contectam,
617 1644 827 1712 porticibusque
840 1656 899 1695 con·

111 1718 228 1782 clusam,
244 1733 313 1785 quo,
328 1717 459 1787 quicquid
473 1718 540 1769 totis
557 1717 636 1768 Baiis
651 1717 805 1769 calidarum
820 1730 899 1785 aqns·

108 1806 170 1843 nrm
181 1796 265 1856 essct,
278 1792 504 1842 committeretur:
518 1791 623 1842 fossam
634 1793 668 1843 ab
678 1792 787 1843 Averno
798 1790 900 1843 Ostiam

108 1880 209 1935 usque,
229 1871 261 1915 ut
280 1865 409 1930 navibus,
430 1880 481 1916 nec
499 1872 592 1917 tamen
610 1867 699 1930 mari,
719 1865 833 1930 iretur,
846 1865 900 1917 lou·

22 1957 24 1963 ⁴
108 1940 243 2007 gitudinis
262 1954 311 2005 per
331 1946 438 1991 centum
452 1941 596 2007 sexaginta
613 1940 715 2004 millia,
734 1939 901 2003 latitudiuis,

110 2029 166 2082 qua
186 2013 341 2067 contrariae
361 2014 568 2082 quinqueremes
589 2020 781 2067 commearent.
832 2014 901 2075 Quc-

108 2104 169 2141 rum
191 2104 303 2157 operum
323 2089 553 2156 perficiendorum
572 2091 681 2157 gratia,
707 2088 784 2159 quod
802 2089 901 2158 ubique

109 2170 182 2216 esset
193 2163 348 2228 custodiae,
368 2163 398 2214 in
412 2163 522 2215 ltaliam
532 2163 686 2230 deportari,
707 2162 902 2215 etiamscelers

110 2240 259 2291 convictos-
272 2253 329 2290 non
347 2238 402 2288 nisi
422 2238 456 2287 ad
477 2253 547 2305 opus
562 2237 700 2302 damnari,
715 2242 901 2304 praeceperat

108 2314 151 2364 Ad
165 2313 242 2365 hunc·
250 2312 452 2379 impendiorum
465 2310 598 2377 fluorem,
614 2328 696 2380 super
710 2311 843 2363 fiduciam
855 2312 903 2362 im·

108 2389 193 2456 perii,
208 2389 292 2440 ctiam
312 2401 361 2453 spe
376 2385 496 2455 quadam
510 2388 654 2455 repentina
667 2387 865 2437 immensarum
877 2391 904 2436 et

107 2463 313 2515 reconditarum
329 2476 411 2528 opum
424 2461 558 2528 impulsus
573 2467 627 2525 est,
643 2475 677 2512 ex
686 2459 793 2514 indicio
804 2460 904 2531 equitis

107 2535 240 2600 Romani,
260 2551 311 2602 pro
327 2541 467 2602 comperto
483 2536 653 2601 pollicentis,
671 2532 822 2587 thesauros
837 2534 906 2587 anti·

99 2611 255 2676 quissimus
268 2614 371 2680 gazae,
386 2625 455 2680 quos
465 2608 539 2662 Dido
550 2611 646 2679 regina
654 2608 765 2678 fugiens
775 2608 856 2679 Tyro
866 2624 906 2661 se·
