1874 3060
260 177 353 224 VITA
374 178 546 226 flossru.
751 176 800 230 369

53 298 122 362 dal,
138 313 217 366 quam
230 299 285 367 ἅμα
299 316 333 352 es.
373 301 427 352 Sed
438 301 463 352 si
476 301 526 352 sibi
539 309 643 354 statura
654 302 731 365 deest,
744 319 801 354 cor-

50 375 141 428 *cuum
152 390 205 426 non
220 374 298 425 deest.
337 372 432 441 Itaque
447 375 535 427 licebit
547 375 576 427 is
586 375 726 427 sestariolo
737 377 800 428 scri-

62 467 72 499 .·
91 463 170 514 quum
190 447 317 500 cientibus
336 447 473 500 voluminis
493 448 534 501 tui
551 449 588 499 sit
601 446 800 512 ὀγκωδέστατος,

50 530 76 574 st
84 531 123 573 est
133 520 272 573 verniculi
281 522 328 573 tui.
366 523 408 573 Ad
418 539 462 574 res
472 522 609 575 Veuereas
618 526 801 591 intemperan-

50 596 199 648 rtraditur.
240 594 325 662 [Nam
339 596 480 663 speculato
492 597 618 649 cubiculo
630 604 723 649 scorta
733 596 800 648 dici-

67 668 197 721 habuisse
212 669 366 737 dispositas
385 677 429 736 ut,
445 687 608 740 quocunque
621 673 799 740 respexisset,

58 746 86 796 ei
99 745 193 810 irnugo
205 745 295 795 coitus
308 743 479 814 referretur]
518 744 598 796 Vixit
609 745 757 814 plurimum
770 745 799 795 in

50 834 116 871 essu
135 818 207 868 ruris
228 819 271 868 sui
291 817 388 869 Sabini
408 825 456 869 aut
469 819 627 870 Tiburtini:
648 819 799 886 domusque

50 910 63 944 s
75 891 230 944 ostenditur
241 894 314 942 circa
324 893 441 943 Tiburni
454 891 583 944 luculum.
622 892 762 946 Venerunt
770 894 800 943 in

49 983 102 1018 uus
112 981 187 1016 meas
199 972 225 1016 et
236 966 305 1032 elegi
316 967 365 1016 sub
376 965 458 1016 titulo
470 966 538 1029 eius,
550 973 578 1017 et
587 968 705 1035 epistola
714 982 800 1035 prosa

50 1042 151 1103 stione,
173 1041 252 1106 quasi
273 1036 488 1091 commendantis
509 1054 538 1090 se
557 1038 730 1092 Maecenatis
751 1041 799 1091 sed

50 1129 121 1183 aque
140 1113 213 1177 falsa
232 1118 308 1179 puto.
347 1112 508 1180 Nam-elegi
525 1111 664 1180 vulgares,
680 1113 800 1180 epistola

50 1204 88 1241 sm
99 1189 217 1239 obscura
225 1204 234 1238 .=
255 1202 309 1253 quo
320 1187 388 1238 vitio
400 1188 510 1239 minime
519 1188 672 1239 tenebatur.
709 1187 799 1239 Natus

58 1270 138 1315 sexto
153 1260 218 1312 ldus
228 1261 406 1326 Decembres,
425 1261 459 1312 L.
472 1263 553 1313 Cotta
567 1268 595 1314 et
607 1261 642 1313 L.
653 1263 797 1332 Torquato

50 1352 83 1389 ss.
104 1337 231 1387 Decessit
241 1336 336 1402 qsriuto
347 1335 487 1386 Kalendas
497 1336 670 1401 Decembres,
682 1338 712 1389 0.
723 1338 798 1389 Mar-

65 1411 218 1463 Gcnsorino
238 1417 266 1460 et
280 1411 309 1460 G.
325 1410 421 1461 Asinio
438 1408 520 1460 Gallo
541 1412 619 1460 Coss.
634 1417 698 1476 post
716 1413 798 1478 sspti·

50 1501 78 1537 m
88 1490 116 1537 et
126 1484 381 1552 quinquagesimum
393 1499 501 1548 armum,
507 1482 606 1534 herede
616 1483 738 1550 Augusto
750 1501 798 1551 pa-

50 1577 60 1611 ι
73 1564 232 1625 nuncupato
245 1576 251 1608 ι
273 1574 368 1625 quum,
383 1564 496 1624 urgente
506 1558 534 1608 vi
548 1556 722 1621 valitudinis,
743 1573 798 1609 non

50 1634 140 1685 iceret
155 1633 191 1683 ad
207 1632 393 1700 obsignandas
407 1632 564 1683 testamenti
581 1631 700 1681 tabulas.
740 1632 798 1683 Hu-

50 1715 92 1759 tus
103 1714 131 1758 et
141 1707 268 1757 conditus
279 1714 322 1760 est
331 1706 460 1760 extremis
469 1705 614 1774 Esquiliis,
630 1705 708 1756 iuxta
722 1704 797 1758 Mac-

50 1780 262 1832 ‚atistumulum
