1822 3068
304 225 401 274 ῊΤΑ
419 223 624 273 TRRBNTH.
806 223 856 276 365

48 350 228 420 exprimeret
235 347 265 400 in
275 348 394 416 scriptis,
400 363 525 416 egressus
534 350 630 400 urbem
640 355 690 413 est,
701 364 788 418 neque
799 365 856 401 nm-

45 427 135 491 plius
144 423 237 477 rediit.
275 422 318 474 De
327 429 416 475 morte
426 424 484 474 eius
493 423 639 476 Volcatius
647 423 735 475 tradit
745 442 752 474 =

100 499 155 552 Sed
162 508 195 550 nt
202 496 272 570 Afer
281 513 327 549 ses
331 497 427 565 populo
437 497 521 550 edidit
527 498 681 562 eomoe‘ds'os,

95 574 156 627 Iter
166 570 452 643 senseresensere.
482 570 578 624 Naes'm
589 573 756 640 qnsimsemel

56 668 62 674 ·
97 645 564 712 Oomemdit,ss'ssssmimquomest.·
583 646 780 700 derisissent.

114 722 152 775 V.
165 722 195 773 G.
207 722 360 774 Cosconius
373 721 530 773 redeuntem
544 738 559 774 e
570 721 688 775 Graecia
702 723 817 790 periisse
826 725 856 775 in

48 799 132 850 unsri
146 797 216 849 dicit
229 812 290 848 eum
304 801 412 848 eentum
426 801 454 847 et
468 803 531 848 octo
545 796 660 862 fabulis,
682 798 821 849 conversis
841 815 856 850 e

51 870 225 926 Menandro.
265 870 356 922 Ceteri
364 875 501 922 mortuum
512 887 571 922 esse
580 873 610 921 in
619 872 753 924 Arcadiae
765 871 855 940 Stym-

53 947 160 1015 plsalo,
177 946 235 1013 sive
249 943 404 1008 Leucadia,
418 945 543 1009 tradunt,
559 946 607 997 Cn.
624 947 753 998 Cornelio
768 947 855 999 Dola-

53 1021 147 1088 lsells,
168 1020 209 1072 Μ.
223 1019 322 1072 Fulvio
338 1019 496 1083 Nobiliore,
518 1020 605 1084 Coss,
626 1022 723 1072 morbo
739 1022 856 1088 implici-

56 1103 120 1149 tum
148 1095 220 1159 aeri,
246 1093 343 1146 dolore
373 1109 405 1145 ac
428 1093 523 1145 taedio
549 1096 711 1146 amissarum
735 1097 856 1149 sarcina-

56 1186 134 1238 rum,
145 1184 215 1239 quas
228 1169 259 1220 ln
271 1168 336 1220 navi
349 1169 540 1237 praemiserat,
553 1185 585 1221 ae
595 1169 677 1221 simul
690 1168 855 1236 fabularum,

62 1242 349 1313 qnnsnovasieeerat.
378 1243 476 1296 Fuisse
488 1245 588 1296 dicitur
597 1245 731 1297 mediocri
740 1252 855 1311 statura,

61 1320 161 1388 manili
171 1333 301 1386 corpore,
314 1318 407 1370 colore
417 1316 505 1370 fusco.
543 1320 666 1387 Reliquit
675 1320 774 1386 filiam,
786 1337 856 1388 qnae

63 1393 126 1461 post
144 1393 233 1464 equiti
250 1393 376 1445 Romano
395 1394 506 1462 nupsit:
530 1394 596 1444 item
614 1393 740 1446 hortulos
758 1397 857 1464 viginti

64 1469 200 1538 iugerum,
214 1467 300 1519 invia
309 1467 410 1536 Appia,
427 1468 462 1518 ad
471 1467 571 1518 Martis
580 1468 683 1519 villam.
724 1470 785 1530 Quo
800 1486 856 1521 ma-

66 1545 105 1610 gis
113 1545 201 1597 mlror
209 1542 339 1595 Porcium
350 1544 469 1595 scribere
480 1561 486 1593 :

100 1654 485 1670 .........
524 1616 681 1670 nilPsidls'us

93 1692 189 1762 ,Scipio
199 1690 360 1763 s'lls'prdfns't,
371 1691 410 1744 ns'l
417 1691 532 1755 Laelius,
543 1691 583 1743 nil
589 1691 698 1755 Edrias,

103 1766 264 1836 irnperio
273 1766 371 1834 temperis
382 1764 429 1834 qni
438 1766 580 1836 agitabant
588 1766 684 1818 nobiles
688 1765 828 1837 facillume
839 1786 848 1818 .-

99 1841 203 1895 Edrom
212 1839 857 1910 illeoperane'demnmquidemicilns'teondnetz'-

556 1915 640 1968 tiam:

99 1991 200 2045 Mitem
210 2001 242 2043 nt
250 2000 324 2054 esset,
335 1991 387 2057 qno
396 1991 512 2063 referret
520 1991 619 2044 obitum
629 1992 728 2043 domini
736 1990 856 2045 se'rnolns.

115 2067 201 2118 Hunc
210 2065 338 2118 Afranius
350 2066 459 2133 quidem
470 2068 595 2118 omnibus
606 2069 718 2120 comicis
728 2069 857 2136 praefert,

67 2143 186 2194 scribens
195 2141 226 2192 in
237 2141 436 2209 Compitalibus
448 2158 455 2190 ε

103 2215 229 2268 Terentio
240 2232 292 2268 non
302 2214 411 2266 similem
421 2214 490 2267 dices
501 2216 653 2284 qnempiam.

65 2280 210 2344 Volcatius
222 2297 311 2342 autem
322 2305 378 2342 non
389 2288 477 2340 solum
488 2290 594 2344 Naevio
606 2298 632 2344 et
642 2290 743 2343 Plauto
755 2300 782 2343 et
792 2292 859 2343 Cae·

61 2363 143 2431 cilio,
159 2365 208 2417 sed
222 2365 332 2416 Licinio
348 2380 457 2433 quoque
472 2371 499 2416 et
512 2365 609 2419 Attilio
623 2366 775 2434 postponit.
815 2367 859 2416 ci-

61 2448 126 2494 cero
137 2441 167 2492 in
176 2439 294 2492 Limone
304 2438 435 2491 hactenus
445 2439 542 2492 laudat
552 2460 559 2492 r

104 2513 147 2568 To
159 2531 268 2582 quoqne,
280 2515 326 2582 qni
335 2515 403 2565 solos
412 2516 476 2566 lecto
486 2531 610 2578 sermone,
626 2513 741 2577 Terenti,

101 2591 261 2643 Conversum
271 2606 468 2657 expressumque
476 2589 577 2643 Latina
587 2607 647 2642 nore
657 2587 832 2641 Menandrum

100 2665 135 2719 ln
145 2665 230 2718 medio
235 2666 328 2734 populi
336 2665 432 2717 sedatis
442 2665 546 2718 ooeilns
556 2663 643 2734 effers,

104 2740 240 2810 Quicquid
248 2757 319 2795 come
328 2743 441 2810 loquerer,
453 2749 532 2810 etque
541 2739 628 2803 omnin
639 2739 725 2793 dulcia
735 2740 830 2793 dicens.
