1822 3068
130 196 180 247 252
411 197 438 242 G.
463 194 648 243 SUETONH

132 320 269 383 autumni,
289 333 344 386 qua
360 319 474 385 triginta
491 317 618 370 fnnemm
633 318 725 372 miliia
743 320 773 370 in
792 319 906 372 rationem

131 394 272 446 Libitinae
281 398 425 453 venernnt;
438 392 705 458 cladesBritannica,
717 394 836 461 qun‘duo
845 408 905 462 pree·

132 469 215 537 cipue
224 467 340 535 oppida,
351 481 452 532 magna
463 467 561 517 civium
573 467 769 535 sociorumque
779 467 867 532 caede,
875 467 903 518 di·

131 548 210 609 repta
229 547 304 604 sunt3
328 541 482 608 ignominia
498 541 532 591 ad
548 541 701 606 Orientem,
722 541 902 609 legionibnsin

131 617 259 668 Armenia
269 616 319 666 snb
330 616 425 682 iugum
439 614 545 678 missis,
566 630 702 683 aegreque
713 615 798 683 Syria
809 620 900 668 reesa

132 691 234 740 Mirum
254 695 282 741 et
295 689 339 740 vel
352 690 499 756 praecipue
508 689 632 741 notabile
642 690 717 741 inter
726 689 795 742 haec
804 689 862 754 tuit,
871 688 899 740 ni·

131 762 171 815 hil
181 779 242 816 eum
251 762 400 830 patientius
411 778 493 831 quam
507 763 654 815 maledicta
664 769 692 814 et
703 765 828 817 convicio
835 761 899 815 boni·

130 854 195 888 num
205 837 315 899 tulisse3
334 852 422 904 neque
436 838 466 888 in
479 838 554 890 ullos
570 836 716 903 leniorem,
738 853 818 908 quam
831 837 871 905 qui
878 849 898 886 se

130 912 212 962 dictis
222 916 271 961 ant
280 911 447 963 carminibus
457 912 638 976 lacessissent,
650 913 798 965 exstitisse.
832 909 898 963 mm

132 984 237 1036 Graece
246 984 401 1055 Latineque
410 987 567 1055 proscripta
578 991 625 1037 aut
633 986 749 1054 vulgata
759 992 832 1051 suut,
847 984 899 1037 deut

128 1059 192 1110 illa:

221 1131 322 1200 Νέρων,
330 1128 458 1200 Ὀρέστης,
466 1127 622 1193 Ἀλκμαίων,
630 1130 814 1200 μητροκτόνω.

220 1272 252 1322 Ν
250 1270 347 1333 adrogo
352 1290 381 1322 ov
390 1272 421 1322 N
420 1273 483 1341 ipos
493 1270 562 1324 ἰδίων
570 1270 659 1342 μητέρ’
671 1270 826 1324 ἀπέκτεινεν.
844 1296 847 1305 ·

151 1413 217 1480 Quis
227 1424 316 1485 negat,
328 1416 433 1468 Aeneae
443 1433 542 1486 magna
552 1417 583 1467 de
592 1416 674 1484 stirpe
683 1415 828 1469 Neronem?

186 1489 300 1543 Sustulit
308 1490 353 1544 Ιιίι·
362 1500 481 1554 matrem,
493 1490 600 1543 sustulit
607 1490 650 1543 iae
656 1500 773 1558 patrem.

148 1638 222 1692 Dum
233 1639 318 1692 tendit
326 1639 457 1692 citharam
467 1647 563 1700 noster,
575 1638 637 1690 dum
647 1655 748 1692 cornua
758 1635 869 1696 Partus,

185 1713 283 1766 Noster
292 1713 345 1766 erit
354 1713 454 1776 Paean,
466 1712 508 1765 ille
518 1710 713 1778 iumqssriicqc.

148 1861 234 1914 Roma
245 1863 404 1932 donruefiet:
432 1860 510 1914 Veios
520 1859 642 1929 migrate,
657 1861 785 1926 Quirites,

187 1935 219 1988 ur·
226 1953 279 1987 nou
289 1945 317 1989 et
330 1935 407 1989 Veios
418 1943 529 2002 occupat
536 1935 589 1992 ista
599 1936 698 1988 domm

132 2023 185 2074 Sed
195 2039 282 2090 neque
292 2031 419 2076 auctores
432 2025 588 2092 requisivit,
609 2030 637 2075 et
651 2026 786 2092 quosdam
795 2040 841 2094 per
847 2018 897 2074 ind·

132 2113 189 2148 cem
200 2096 307 2150 delatos
318 2100 353 2149 ad
364 2105 497 2162 senatum,
509 2099 583 2149 affici
592 2101 721 2166 graviore
731 2115 820 2168 poene
828 2092 897 2166 probi·

130 2172 199 2223 buit.
224 2173 421 2226 'l'ranseuntem
433 2189 494 2225 eum
504 2172 628 2224 Isidorus
640 2174 763 2242 Cynicus
772 2176 801 2227 in
810 2170 897 2242 publico

131 2247 207 2298 clara
216 2263 284 2299 voce
296 2249 475 2315 corripuerat,
488 2247 557 2313 quod
566 2245 677 2315 Nauplii
685 2252 757 2301 mala
767 2248 827 2301 beue
835 2239 899 2299 md·

131 2330 212 2384 taret,
233 2338 282 2373 sua
297 2322 364 2373 dono
378 2324 444 2372 scale
459 2321 620 2388 disponeret:
644 2328 672 2374 et
684 2322 778 2376 Datus
787 2320 900 2375 Atellani*

128 2411 189 2446 rum
199 2395 297 2448 histrio
308 2398 337 2447 in
348 2396 455 2448 cantico
467 2395 595 2462 quodam,
607 2391 706 2457 ὑγίαινε
716 2394 814 2464 πάτερ,
823 2390 899 2458 irim

129 2471 219 2536 μῆτερ,
229 2471 271 2522 ita
281 2470 528 2532 demonstraverat,
539 2476 571 2520 ut
579 2469 719 2522 bibentem
730 2477 900 2536 natantemque

128 2543 244 2609 faceret,
260 2546 362 2597 exitum
373 2545 479 2596 scilicet
489 2544 599 2594 Claudii
608 2544 830 2618 Agrippinaeque
838 2537 901 2610 sitm·

129 2619 226 2670 ticans:
247 2621 312 2671 etin
322 2620 473 2671 novissima
484 2618 617 2682 clausula,

349 2690 435 2746 Orcrie
444 2692 514 2745 vobis
525 2692 692 2761 recuperes,
