1874 3060
239 225 425 276 dissonus.
461 229 539 276 one.
560 231 676 277 ⁸1-ss.
805 228 856 282 149

60 365 125 402 rore
135 348 254 415 detecto,
266 358 293 402 et
303 351 402 415 occidi,
412 367 446 403 ne
457 351 612 419 divulgaret
619 351 758 405 iniuriam.
790 354 854 407 Gar-

60 425 190 476 nificinae
201 426 259 476 eius
271 425 424 477 ostenditur
433 426 511 478 locus
524 427 649 493 Capreis,
660 426 733 479 unde
743 427 854 481 damna·

56 505 104 550 tos
113 505 180 566 post
189 499 272 567 longa
282 506 310 551 et
322 500 460 568 exquisite
473 507 610 552 tormenta
620 500 797 569 praecipitari
808 519 853 555 co·

57 589 119 624 rem
134 589 164 625 se
182 573 212 624 in
231 570 307 625 mare
324 572 450 638 inbebet3
474 576 626 642 excipiente
646 576 853 629 classiariorum

58 663 150 711 manu,
163 654 191 699 et
201 649 289 699 contis
300 653 382 717 atque
391 650 474 700 remis
485 649 601 701 elidente
613 650 796 714 cadaverane
807 651 852 703 cui

57 721 165 773 residui
184 716 297 789 spiritus
317 723 464 791 quiequam
486 724 596 776 inesset.
638 724 852 792 Excogitarerat

59 802 152 848 autem
166 796 239 847 inter
252 812 352 864 genere
367 798 504 848 cruciatum
519 799 615 862 edum,
634 805 666 850 ut
685 799 764 866 largo
782 800 852 853 meri

57 870 173 937 potione
183 887 232 937 per
241 870 382 924 fallaciam
393 878 535 935 oneratos,
556 879 665 940 repente
680 874 795 926 ueretris
805 873 851 927 de-

57 944 161 1012 ligatis,
168 945 340 997 fidicularum
350 946 433 997 sinml
441 947 591 1014 urinaeque
601 953 736 1000 tormento
748 948 850 1001 disten-

57 1018 142 1071 deret.
174 1019 312 1082 Quodnisi
320 1037 382 1072 enm
392 1027 419 1072 et
427 1036 502 1072 mors
512 1022 709 1088 praevenisset,
725 1028 752 1074 et
761 1020 849 1074 Thra·

57 1094 145 1160 syllos
157 1093 296 1159 consulto,
315 1101 349 1146 ut
358 1096 451 1160 aiunt,
461 1094 572 1148 differre
587 1096 722 1162 quaedam
732 1111 780 1163 spe
790 1097 850 1149 lon-

55 1169 145 1234 gioris
154 1166 428 1237 vitae'compulisset;
438 1170 531 1236 plures
542 1169 684 1237 aliquanto
693 1175 849 1235 necatunrs,

56 1256 89 1293 ac
102 1258 137 1294 ne
152 1243 266 1312 reliquis
280 1243 390 1311 quidem
404 1245 550 1311 nepotibus
563 1260 696 1312 parsurus
716 1244 849 1307 creditum

56 1332 140 1385 quum
151 1323 179 1368 et
189 1318 286 1368 Caium
296 1324 451 1385 suspectum
466 1316 591 1385 heberet,
612 1325 640 1371 et
649 1320 803 1384 Tiberium,
817 1326 850 1371 ut

56 1391 238 1443 exadulterio
250 1399 424 1461 conceptum,
444 1399 644 1460 aspernaretur.
682 1392 849 1447 Necabhor-

56 1472 100 1516 ret
114 1481 131 1516 a
144 1481 224 1517 vero:
243 1482 361 1534 namque
374 1467 523 1519 identidem
530 1467 640 1538 felicem
651 1466 788 1520 Priamum
801 1483 850 1521 vo-

57 1540 151 1604 cabat,
163 1541 234 1606 quod
242 1550 370 1608 superstes
380 1541 494 1594 omnium
504 1558 610 1593 suorum
620 1540 769 1593 exstitieset.

111 1614 212 1667 LXlll.
234 1616 323 1678 Quam
336 1632 401 1668 vcro
415 1617 487 1669 inter
501 1614 569 1668 haec
583 1632 638 1667 non
652 1615 734 1667 modo
744 1615 849 1667 invisus

55 1701 91 1739 oc
100 1688 284 1755 detestabilis,
296 1691 344 1742 sed
351 1690 543 1758 'praetrepidus
554 1705 663 1759 quoque
673 1696 755 1756 atque
765 1689 849 1741 etiam

57 1765 232 1815 contumeliis
253 1765 389 1817 obnoxius
407 1767 521 1830 vixerit,
547 1763 634 1816 multa
652 1764 757 1815 indicia
776 1771 848 1816 sumt.

56 1835 226 1906 Haruspices
240 1846 344 1892 secreto
362 1855 394 1890 ac
413 1841 471 1892 sino
489 1840 606 1893 testibus
627 1838 734 1891 consuli
752 1837 847 1889 retulit.

57 1909 157 1963 Vicina
167 1929 232 1964 vero
239 1914 307 1965 Urbi
318 1914 431 1966 oracula
442 1915 525 1967 etiam
536 1914 663 1966 disiicere
674 1918 847 1966 conatusest:

57 1985 105 2037 sed
114 1988 260 2039 maiestate
269 1987 507 2040 Praenestinarum
518 1989 634 2041 sortium
644 1989 755 2040 territus
766 1987 848 2039 desti·

57 2059 104 2123 tlt3
125 2076 209 2130 quum
220 2062 380 2129 obsignatas
391 2062 571 2131 deuectasque
580 2063 696 2116 Romam
705 2078 762 2114 non
771 2077 847 2130 repe-

58 2135 138 2186 risset
147 2137 177 2187 in
189 2152 263 2200 arca,
273 2137 328 2187 nisi
337 2136 426 2189 relata
436 2153 530 2187 nnsns
541 2137 576 2188 ad
586 2136 729 2204 templum,
759 2136 849 2188 Unum

58 2213 86 2258 et
94 2209 211 2262 alterum
222 2211 392 2276 consulares,
408 2211 510 2262 oblatis
520 2212 683 2278 provinciis,
698 2225 754 2262 non
765 2224 849 2260 ousus

60 2296 114 2335 ose
124 2283 276 2349 dimittere,
290 2300 376 2352 usquc
387 2301 419 2337 eo
431 2285 560 2348 detinuit,
580 2286 668 2338 donec
677 2296 848 2335 successores

59 2363 122 2422 post
131 2357 240 2426 sliqnot
250 2375 336 2411 annos
346 2360 535 2426 praesentibus
541 2360 631 2420 daret3
642 2355 847 2428 quuminterim,

59 2439 183 2485 monente
194 2434 279 2484 officii
287 2434 382 2498 titulo,
404 2435 487 2485 etiam
500 2433 639 2501 delegaret
652 2431 770 2499 plurima
781 2429 848 2480 assi-

59 2503 175 2575 dueque,
197 2523 267 2576 quae
280 2508 324 2559 illi
333 2524 381 2577 per
391 2508 497 2576 legatos
508 2514 535 2560 et
545 2508 685 2560 adiutores
696 2517 762 2557 suos
772 2516 848 2555 exse-

58 2580 166 2645 quenda
176 2588 312 2633 curarent.
334 2618 342 2629 .

112 2653 212 2707 LXIV.
231 2655 337 2708 Nurum
351 2672 384 2709 ac
397 2663 510 2725 nepotes
527 2670 665 2722 nunquam
685 2653 766 2705 aliter
784 2658 849 2720 post

60 2725 275 2796 damnationem,
296 2746 379 2800 quem
397 2737 553 2799 pennatos,
572 2731 727 2800 obsutaque
738 2725 853 2791 lectica,
