1874 3060
183 192 463 243 VESPASIANUS.
500 191 578 243 oin.
597 196 679 242 1-3.
781 192 832 245 2⁰1

41 319 76 371 ns
84 317 197 371 meruit.
223 316 361 379 Quaestor
371 317 479 370 Cretam
490 323 517 369 et
527 317 650 385 Cyrenas
660 317 831 383 provinciam

41 398 107 446 orte
122 393 206 460 oepit.
243 391 401 443 dedilitatis
416 406 449 443 ac
465 407 530 444 mox
544 398 690 459 praeturae
700 391 831 443 candida·

41 482 85 533 ns,
94 466 175 519 illam
184 480 241 517 non
251 466 310 518 sine
320 466 431 533 repulsa
440 472 574 535 sextoque
583 465 646 518 loco
657 465 705 515 vix
715 465 830 531 adeptus

41 548 91 605 est3
120 538 195 593 banc
216 540 306 608 prima
330 540 424 590 statim
447 541 599 607 petitione,
624 546 652 591 et
674 538 829 605 inprimis.

41 613 162 679 Praetu,
176 613 300 666 intensus
314 615 435 679 senatui,
448 615 544 666 Caium
554 630 589 666 ne
599 629 654 682 quo
665 628 721 664 non
731 627 829 680 genere

41 689 231 753 temeraretur,
241 687 323 740 ludos
333 689 570 743 extraordinarios
579 703 630 755 pro
640 688 759 739 victoria
769 687 829 738 eius

40 762 201 817 &mantea
210 762 381 831 depoposcit,
392 778 552 832 poenaeque
562 764 771 816 oonimatorum
780 761 829 812 ad·

40 837 152 890 lendum
162 836 281 900 emunit,
294 843 326 888 ut
339 836 471 904 insepulti
480 838 688 904 proiioerentnr.
727 835 830 903 agitet

40 912 140 979 gratias
153 911 181 963 ei
194 911 267 979 apud
283 911 481 979 amplissimum
497 911 633 976 ordinem,
650 910 725 978 quod
739 925 769 961 se
778 907 829 962 bo·

41 1000 99 1039 mre
108 999 213 1037 menae
224 984 352 1055 dignatus
362 991 443 1037 esset.

85 1058 136 1111 111.
156 1058 231 1110 Inter
249 1057 318 1112 haec
329 1059 455 1110 Flavium
469 1058 643 1111 Domitillam
663 1057 742 1109 duxit
759 1073 828 1110 uxo·

40 1148 101 1199 aas,
111 1132 220 1187 statim
230 1133 359 1202 Capellae
369 1134 470 1201 equitis
481 1133 599 1186 Romani
609 1131 784 1184 Sabratensis
794 1146 829 1183 ex

40 1207 126 1261 lirina
140 1206 294 1274 delegatam
309 1207 388 1272 olim,
404 1207 575 1275 Latinaeque
586 1206 768 1271 conditionis,
779 1205 829 1258 sed

40 1296 96 1336 nox
108 1282 257 1350 ingenuam
271 1287 300 1333 et
309 1282 395 1334 aivam
405 1282 559 1335 Romanam
568 1281 775 1350 recuperatorio
786 1280 827 1331 iu-

40 1356 106 1409 licio
117 1356 421 1425 pronunciatum,patre
432 1364 570 1409 asserente
579 1356 678 1409 Flavio
688 1355 828 1419 Liberale,

40 1431 174 1483 Ferentini
181 1430 289 1497 genito,
303 1431 510 1497 necquicquam
526 1430 642 1496 amplius
653 1445 736 1497 quam
746 1444 828 1496 qnae·

40 1506 122 1558 torio
136 1504 238 1556 sariba.
275 1503 319 1555 Ex
332 1503 385 1556 hac
399 1504 502 1557 liberos
515 1503 580 1555 tulit
590 1503 684 1553 'l'itum
695 1509 722 1553 et
731 1502 828 1554 Domi-

40 1580 138 1631 iannm
158 1584 187 1630 et
205 1577 388 1630 Domitillam.
436 1578 524 1629 Uxori
544 1591 577 1628 aa
595 1576 671 1627 iiliao
691 1583 828 1642 superstes

40 1653 94 1719 isit,
115 1658 200 1722 atque
217 1657 362 1720 utramque
377 1650 466 1703 adhuc
480 1652 604 1720 privatus
620 1649 721 1701 amisit.
760 1647 829 1701 Post

40 1728 130 1780 ueris
143 1741 297 1791 exeamum,
319 1727 479 1790 Caenidem,
500 1725 613 1776 Antonii
627 1725 753 1775 libertam
767 1728 796 1774 et
811 1738 828 1773 a

40 1816 129 1866 nanu,
144 1800 273 1853 dilectam
289 1801 427 1869 quondam
442 1800 508 1864 sibi,
524 1799 665 1850 revocavit
683 1797 712 1847 in
733 1802 827 1848 contn-

40 1876 170 1940 mninm,
193 1873 343 1944 habuitque
363 1876 446 1927 etiam
463 1876 615 1942 imperator
633 1887 720 1939 paena
737 1866 828 1923 iustae
889 1864 899 1875 ”

40 1949 213 2004 nonatum.

85 2023 136 2077 IV.
158 2023 275 2075 Claudio
284 2024 422 2091 principe,
432 2022 558 2075 Narcissi
566 2023 659 2090 gratia
672 2020 779 2090 legatus
789 2021 827 2073 le·

39 2098 124 2168 pionis
133 2099 164 2150 in
175 2096 350 2150 Germaniam
361 2098 460 2148 mismrs
470 2103 523 2149 ast:
542 2097 607 2149 inde
616 2098 646 2149 in
655 2096 826 2149 Britanniam

39 2173 199 2236 nnslatus,
212 2172 307 2223 uicies
321 2187 382 2223 uun
397 2169 476 2223 hoste
491 2169 623 2224 condixit.
666 2170 745 2223 Duas
759 2170 828 2221 rali-

39 2248 164 2299 lissimas
173 2251 281 2314 gentes,
293 2260 427 2312 nuperque
436 2245 536 2312 uiginti
546 2245 661 2311 oppida,
672 2250 700 2294 at
707 2242 829 2295 insulam

39 2320 146 2375 Vectem
154 2320 315 2372 Britanniae
325 2320 522 2386 proximamus
532 2319 699 2371 deditionem
708 2315 827 2381 redegit,

39 2396 135 2462 partim
144 2394 209 2447 nult
218 2393 323 2445 Plautii
333 2393 487 2447 consularis
497 2393 590 2461 legati,
606 2391 706 2460 partim
718 2387 829 2439 Claudii

39 2472 121 2537 :psius
134 2468 229 2521 ductu.
269 2468 361 2529 Quare
375 2466 555 2534 triumphalia
570 2469 743 2526 ornamenta,
758 2462 828 2514 etin

39 2546 124 2612 pano
134 2543 214 2595 brevi
228 2542 328 2610 duplex
341 2542 527 2594 sacerdotium
543 2539 666 2605 accepit:
686 2542 829 2605 praeterea

39 2618 221 2681 tomolatum,
240 2632 320 2685 quem
334 2617 420 2685 gessit
433 2631 482 2684 per
497 2617 567 2667 duos
582 2611 748 2664 novissimos
763 2610 829 2661 anui

39 2694 157 2749 naam:
176 2691 412 2762 medimntempus
422 2691 459 2744 ad
468 2685 694 2761 proeonmlatum
705 2685 829 2754 usquein
