1822 3068
176 186 380 238 cnutonis.
415 187 492 234 GAP.
511 190 627 236 24-26.
755 191 806 243 173

15 318 87 365 ,dnm
97 326 128 363 se
138 310 209 375 eius,
221 316 250 362 et
258 314 366 379 patrem
375 308 490 361 insontis
501 324 534 361 ex
545 326 578 362 ea
588 317 680 364 ustae.
713 313 805 367 inion-

15 396 59 438 tem
70 384 277 449 sutem,1niium
283 383 435 434 Drusillam
446 385 676 453 appellatam,per
682 390 804 441 omnium

15 460 116 512 iesrnm
130 459 236 526 templs
251 457 457 521 circumierens,
478 459 620 510 Minervae
633 461 738 526 gremio
754 462 803 513 im-

9 536 109 601 posuit,
130 533 315 600 alendumque
333 537 361 583 et
377 532 574 584 instituendam
593 534 802 588 commendavit.

10 608 64 660 Nec
74 608 134 660 nilo
149 607 273 659 firmiore
287 606 392 658 indicio
408 608 452 657 sui
467 608 579 659 seminis
592 623 653 659 esse
664 609 801 675 credebat,

10 696 85 749 quom
94 681 230 734 feritatis:
251 681 648 749 quseiiiiqnoquetantaiam
656 688 800 749 tuucerst,

10 763 38 806 ut
48 756 154 809 iniectis
169 756 266 823 digitis
282 760 374 807 ornet
388 755 485 806 oculos
498 757 580 808 simul
594 756 745 809 ludentium
759 760 800 810 in-

10 828 117 881 ientium
127 832 286 882 incesseret

56 904 156 957 XXVI.
177 904 253 955 Leve
273 919 307 955 sc
324 902 455 970 frigidum
476 905 524 968 sit,
545 903 588 955 his
608 906 721 971 addere,
742 923 797 976 qno

10 980 172 1047 propinquos
187 978 348 1046 amicosque
360 983 443 1043 pacto
457 980 629 1044 tractaverit,
644 979 797 1034 Ptolemae·

10 1066 58 1117 um,
66 1052 228 1121 regisiubse
238 1052 335 1115 tilium,
341 1052 535 1103 consobrinum
544 1068 631 1117 suum,
642 1058 798 1117 (eratenim

11 1126 109 1179 ctisbi.
120 1127 235 1178 Antonii
247 1141 283 1178 ex
297 1126 393 1178 Selene
407 1126 467 1176 iilis
480 1130 596 1194 nepos,)
617 1129 685 1179 etin
700 1130 797 1196 primis

10 1200 90 1266 ipsum
98 1202 269 1265 Macronem,
280 1201 370 1269 ipsum
380 1200 509 1265 Enniam,
521 1203 662 1254 adiutores
673 1204 795 1271 imperii:

13 1276 101 1339 quibus
111 1277 239 1328 omnibus
249 1290 302 1342 pro
311 1275 522 1328 necessitudinis
537 1278 609 1341 iure,
625 1293 730 1345 proque
739 1294 795 1330 me·

10 1348 116 1401 norum
124 1351 231 1419 gratim
247 1358 361 1401 cruente
373 1365 448 1401 mors
458 1351 600 1416 persoluto
610 1358 659 1403 est.
698 1351 794 1405 Nihilo

13 1426 168 1477 mentior
177 1425 302 1477 leniorue
311 1440 378 1492 erga
387 1431 524 1475 senatum:
536 1425 670 1491 quosdam
681 1428 795 1478 summis

14 1493 151 1552 honoribus
166 1499 277 1551 iunctos
294 1499 329 1550 sd
344 1499 470 1552 essedum
485 1499 540 1549 sibi
560 1514 669 1550 currere
682 1506 795 1567 togatos

13 1583 54 1637 lm
70 1574 177 1642 niiquot
195 1589 326 1642 passuum
346 1573 448 1635 millia,
469 1577 498 1622 et
517 1573 644 1622 coenanti
659 1573 742 1625 modo
758 1574 796 1625 od

13 1644 119 1712 pluteum
130 1648 215 1701 modo
227 1649 262 1700 sd
273 1648 356 1717 pedes
367 1655 449 1710 sture,
461 1646 616 1697 succinctos
627 1646 721 1710 linteo,
731 1662 794 1715 pss-

15 1728 109 1775 mss:
128 1722 214 1787 elios,
237 1738 320 1791 quum
331 1724 401 1774 clam
412 1721 607 1784 interemisset,
629 1721 714 1773 citare
724 1719 794 1772 nihi·

15 1790 247 1850 louiuusutvivos
256 1796 453 1864 perseveravit,
474 1810 580 1862 pancos
594 1801 659 1862 post
673 1795 732 1847 dios
745 1811 793 1848 vo-

15 1864 118 1922 luntario
127 1878 217 1924 morte
227 1872 343 1939 periisse
351 1870 490 1922 mentitus.
530 1869 708 1935 Consulibus,
724 1870 793 1923 obii-

15 1940 44 1991 tis
59 1944 90 1996 ds
106 1947 196 1997 nstsii
215 1961 266 1997 suo
287 1945 407 2008 edicere,
428 1945 574 2010 abrogavit
592 1946 793 2012 magistratum,

16 2011 104 2087 iiiique
113 2036 163 2087 per
172 2020 294 2071 triduum
305 2020 364 2070 sine
374 2022 791 2089 summapoteststerespubiico.

18 2086 180 2149 institorem
190 2095 308 2146 suumin
320 2094 511 2145 coniuratione
520 2095 690 2146 nominatum
699 2096 793 2164 tingel-

17 2159 81 2230 lsdt,
97 2176 175 2221 veste
189 2170 314 2220 detrecto
333 2168 512 2233 subiectaque
530 2169 648 2220 miiitum
666 2171 792 2236 pedibus,
875 2230 878 2235 ¹

18 2250 60 2301 iiii
71 2242 145 2296 firme
159 2243 333 2295 uerberaturi
346 2242 513 2292 insisterent.
552 2243 644 2294 Simili
664 2244 794 2310 superbis

18 2310 186 2385 dubiusque
200 2323 307 2369 ceteros
321 2316 453 2367 mactavit
463 2316 583 2368 ordines.
621 2317 793 2383 Inquietatus

18 2380 108 2443 ire-itu
120 2393 244 2461 gratuitu
257 2393 287 2442 in
298 2392 379 2442 Circo
395 2390 458 2442 loco
473 2390 506 2441 de
519 2391 612 2442 medis
621 2396 702 2442 nocte
713 2403 793 2440 occu-

17 2464 132 2532 Mum,
154 2482 249 2519 omues
262 2465 382 2517 fustibus
398 2465 499 2531 abegit.
536 2464 661 2530 Eiisiqne
671 2477 720 2530 per
730 2476 792 2513 enm

17 2536 141 2593 obulum
153 2542 255 2608 viginti
268 2540 387 2607 amplius
406 2540 512 2606 equites
522 2537 654 2600 Romani,
675 2535 794 2587 totidem

18 2616 152 2682 liberae,
169 2630 253 2683 super
261 2616 433 2666 innumeram
442 2614 552 2663 turbam
563 2616 689 2662 ceteram.
730 2609 793 2662 Sce-

18 2680 69 2741 iltis
82 2690 166 2760 indis,
187 2691 261 2743 inter
272 2690 380 2761 plebem
394 2694 423 2741 et
436 2687 554 2755 equitem
566 2700 677 2737 causum
688 2684 792 2738 discor·
