1822 3068
119 189 152 240 lo
397 191 424 237 G.
446 187 635 238 SUETONH

120 311 756 379 onaetomesemsiteraumramtoquiseeum,
777 317 903 382 aspreta

117 389 197 460 gibus
210 389 320 452 hulme,
340 405 408 456 qaae
421 387 501 440 dicut.
539 388 637 454 quue
651 388 829 455 arrogantiae
849 405 903 458 pro·

118 479 229 533 gressus
243 468 298 528 est,
317 470 362 528 ut,
382 460 528 530 haruspice
541 462 634 514 tristia
647 468 675 514 et
684 464 744 515 sine
755 463 839 516 corde
849 471 903 521 exta

49 583 52 588 .
118 554 199 593 sacro
218 538 342 608 quodam
360 537 520 602 nunciante,
538 537 640 609 fictura
664 538 767 589 diceret
789 537 903 602 laetiora

118 629 198 680 qaum
211 613 302 675 cellen
325 628 373 664 sec
381 627 433 678 pro
443 621 544 665 ostento
554 611 710 676 ducendum,
731 611 903 679 sipecuds‘eos

116 687 250 760 destinet.

174 759 327 814 LXXVIII.
350 759 453 813 Verum
472 762 649 830 praecipuam
669 767 697 813 et
715 761 903 828 inexpiabile!

118 835 315 889 siblinvidiam
325 833 623 888 hincmaximemovit.
661 835 903 889 adeuntessecuu

116 911 244 979 plnrlmls
263 908 604 978 honorificentissimisque
628 910 744 962 decretis
767 911 903 977 universos

116 991 211 1053 patros
221 985 394 1052 conscriptos
409 985 507 1050 sedens
520 1001 571 1053 pro
587 985 655 1037 aede
664 984 780 1037 Veneris
793 984 903 1038 Genitri·

118 1061 158 1111 m's
172 1060 290 1128 excepit.
330 1059 449 1121 Quidam
468 1065 579 1127 putant,
599 1065 733 1111 retentum
749 1075 767 1110 a
782 1060 903 1112 Cornelio

116 1135 217 1199 Balbo,
229 1150 313 1202 quum
324 1141 470 1186 conaretur
484 1150 639 1202 assurgere:
660 1134 722 1198 alii,
736 1150 771 1187 ne
783 1140 903 1187 conamn

118 1209 229 1277 quidem
245 1209 370 1273 omnino,
390 1208 538 1261 sedetiam
557 1210 747 1261 admouentem
763 1209 793 1260 0.
808 1209 903 1261 Treba·

117 1285 238 1348 tium‚¹nt
247 1290 412 1351 &surgeret
418 1284 508 1334 minus
517 1283 652 1335 familiari
661 1283 739 1335 vultu
747 1284 903 1351 respexisse.

116 1357 326 1426 liquefactum
346 1358 407 1410 eius
425 1365 503 1410 tanto
523 1359 728 1410 intolerabilius
748 1364 790 1410 est
812 1359 903 1421 visum

119 1432 194 1501 quod
203 1433 276 1500 lpse,
290 1430 471 1500 triumphanti
486 1439 513 1484 et
527 1433 659 1486 subsellia
673 1431 824 1484 tribunicia
833 1447 903 1501 prae

117 1505 269 1560 tervehenti
278 1509 333 1560 sibi
341 1523 426 1560 unum
436 1523 451 1559 e
462 1507 847 1576 collegioPoutiumAquilam
855 1521 903 1559 non

119 1583 316 1648 asmrrexisse,
331 1583 400 1635 adeo
410 1582 569 1650 indignatus
579 1583 628 1647 sit,
648 1589 680 1634 ut
689 1583 903 1649 proclamaverit.

118 1656 217 1725 Repete
227 1674 319 1728 ergon
332 1673 385 1721 me,
400 1656 511 1723 Aquila,
532 1657 717 1724 rempublicam
730 1655 864 1709 mouns:
882 1660 903 1709 el

118 1733 375 1800 necdestiteritper
386 1731 531 1784 continuos
547 1731 605 1783 dies
620 1732 766 1799 quicquam
782 1733 903 1800 cuiquam

119 1807 238 1858 nisisub
253 1807 413 1873 exceptione
426 1804 566 1871 polliceri,
586 1804 611 1856 si
624 1814 712 1858 tornea
720 1822 771 1874 per
786 1804 903 1859 Pontos

119 1879 244 1946 Aprilem
254 1878 367 1932 licuerit.

175 1952 302 2005 LXXIX.
322 1953 431 2007 Adiecit
440 1955 476 2006 ad
485 1955 690 2022 taminsignem
702 1956 825 2023 despecti
834 1971 903 2008 sena·

119 2037 164 2080 tus
184 2029 378 2081 contumeliam
396 2029 483 2082 multo
499 2031 675 2098 arrogantius
688 2029 802 2082 faenum.
840 2029 903 2083 Nan

120 2118 204 2171 quum
213 2105 351 2156 sacrificio
357 2103 519 2155 Latinarum
529 2111 679 2157 revertente
689 2121 722 2158 eo
732 2105 806 2157 inter
814 2106 903 2157 immo

120 2179 242 2230 dicasac
250 2195 337 2231 novas
347 2179 445 2246 populi
458 2179 671 2232 acclamationes
682 2179 794 2247 quidam
805 2196 820 2232 e
830 2180 903 2232 turbs

120 2259 229 2306 statuae
243 2255 302 2307 eius
317 2270 448 2307 coronam
461 2254 585 2307 lauream
599 2255 717 2306 candida
730 2253 820 2306 fascia
832 2269 903 2322 prae

119 2329 234 2396 ligatam
244 2329 432 2397 imposuisset,
454 2335 481 2380 et
489 2329 594 2381 tribuni
603 2330 704 2397 plebis,
724 2328 903 2397 Epidiusblo

120 2403 207 2454 rullus
219 2404 413 2472 Caesetiusque
421 2403 537 2468 Flavus,
549 2420 668 2456 coronae
677 2403 793 2457 fasciam
804 2400 903 2456 detrull

121 2476 311 2546 hominemque
326 2479 390 2530 duci
402 2478 432 2529 in
445 2477 556 2530 vincula
569 2479 725 2543 iussissent,
747 2478 844 2533 dolens
862 2491 903 2529 sco

121 2567 218 2618 parum
228 2569 359 2621 prospere
368 2560 473 2604 motam
482 2554 561 2619 regni
569 2555 743 2618 mentionem,
755 2553 821 2618 sive,
832 2559 865 2604 ut
872 2551 903 2603 fe·

122 2626 209 2690 rebat,
220 2634 342 2694 ereptam
351 2627 407 2679 sibi
416 2627 535 2695 gloriam
544 2629 702 2693 recusandi,
713 2629 841 2680 tribunos
850 2641 903 2695 gra·

121 2699 192 2750 mter
202 2700 362 2769 increpatos
374 2707 513 2771 potestate
526 2702 658 2769 privavit=
677 2719 765 2772 neque
778 2718 814 2755 ex
826 2718 861 2756 ao
870 2703 903 2753 in·
