1822 3068
231 211 485 260 ocrnvlauus.
520 212 599 259 CAP.
621 214 702 261 1-4.
831 213 863 265 ⁴9

102 331 143 384 den
153 334 256 399 cneius,
272 340 301 386 st
315 333 444 401 deinceps
455 334 489 385 ab
500 349 533 386 eo
544 333 645 402 reliqui
655 350 761 401 omnes,
776 336 863 391 iuneti

100 414 145 458 sunt
156 406 301 460 honoribus
316 408 444 460 sumnrim
469 414 499 459 at
513 409 597 460 Caius
617 409 729 476 eiusque
748 414 862 478 posteri,

100 480 241 533 seniortnna
250 498 301 534 seu
310 482 466 546 voluntate,
480 482 510 532 in
520 484 641 549 equestri
654 484 751 536 ordine
762 488 862 539 consti-

98 562 223 624 tuusque
233 558 269 608 ad
279 556 398 623 ungenti
410 563 525 622 patrem.
563 556 687 609 Proamrs
697 558 863 626 :ingentiss-

97 629 164 682 cundo
173 630 276 684 Punico
286 630 362 693 bello
378 630 516 696 stipendia
525 631 554 681 iu
564 626 662 683 Sicilia
676 632 803 683 tribunus
813 635 862 685 mi-

95 701 154 754 liturn
162 704 237 770 fecit,
248 704 367 757 Aemilio
379 702 455 770 Papo
465 705 640 771 imperatore.
678 707 765 772 rivus,
775 709 862 759 muni-

95 777 205 843 cipalibus
216 778 385 846 magisteriis
395 784 549 842 contentus,
565 780 721 833 abundante
730 782 861 848 patrimo·

93 851 356 920 riotranquiliissime
365 853 464 903 senuit.
502 853 556 904 Sed
567 852 635 905 hacc
644 854 702 906 alii.
737 856 798 923 lpse
807 857 860 908 du-

92 932 166 990 gunnu
174 926 244 978 nihil
255 927 374 993 auspiins
389 941 471 993 quam
485 928 606 994 equestri
613 926 721 980 familia
731 937 821 982 ortum
831 947 861 982 se

92 1001 178 1065 scibit,
188 1008 281 1053 vetere
291 1017 324 1052 ao
334 1000 485 1067 locuplete,
496 1008 524 1052 et
532 1002 561 1052 in
572 1017 627 1068 qua
635 1004 739 1068 primus
749 1013 860 1057 senator

91 1080 222 1138 patcrsuns
236 1075 330 1128 fuerit.
367 1074 408 1126 Μ.
418 1075 552 1126 Antonius
566 1075 724 1128 libertinum
738 1080 765 1129 ei
778 1094 858 1145 proa-

90 1160 137 1199 mn
149 1150 298 1217 exprobrat
311 1148 472 1212 restionem,
492 1165 508 1201 e
527 1165 599 1216 pago
616 1148 753 1213 'l'hurino;
779 1167 858 1203 avum

90 1226 264 1288 spectatum.
302 1223 362 1275 Nec
376 1224 522 1290 quicquam
536 1225 610 1275 nitra
624 1224 657 1275 de
672 1227 793 1291 paternis
805 1227 858 1277 dn·

88 1298 305 1361 gustimaioribus
315 1297 413 1364 reperi.

127 1371 170 1424 ΙΙΙ.
190 1372 322 1424 Octavius
337 1378 421 1438 pater
440 1386 457 1422 a
476 1373 613 1439 principio
633 1375 732 1426 aetatis
746 1380 774 1426 et
787 1391 817 1427 re
830 1384 858 1428 et

85 1446 259 1499 aestimatione
279 1460 380 1513 magna
398 1444 464 1509 iuit3
486 1453 518 1498 ut
531 1447 656 1513 equidem
670 1449 765 1512 miror,
787 1448 857 1501 hunc

85 1532 176 1589 quoqne
185 1537 204 1572 a
217 1519 359 1573 nonnuliis
375 1521 572 1588 argentarium,
594 1525 675 1586 atquo
688 1523 771 1573 etiam
786 1523 858 1576 inter

84 1591 201 1648 dmores
217 1609 372 1663 operasque
388 1600 553 1662 campestres
567 1594 716 1660 proditum.
753 1597 857 1662 Amplis

83 1668 140 1721 esim
148 1670 299 1721 innutritus
310 1668 417 1737 opibus,
424 1667 543 1720 honores
552 1674 581 1720 et
591 1667 705 1733 adeptus
715 1675 757 1719 est
765 1667 856 1734 facile,

82 1744 433 1813 aegregiaadministravit.
470 1742 513 1793 Ex
527 1748 656 1810 praetuna
665 1741 858 1794 Macedoniam

81 1818 192 1884 sortitus,
212 1817 361 1887 fugitivos,
380 1817 518 1869 residuam
533 1816 661 1883 Spartaci
680 1821 708 1867 et
722 1815 858 1868 Catilinae

80 1902 183 1958 mum,
193 1891 350 1945 Thurinum
360 1906 456 1959 agrum
464 1891 630 1955 tenentes‚in
639 1890 737 1943 itinere
748 1891 856 1956 delevit,

80 1967 176 2033 negotio
187 1967 244 2019 sibi
257 1967 288 2017 in
302 1971 399 2017 senatu
408 1971 486 2017 extra
496 1965 619 2017 ordinem
630 1965 705 2017 dato.
743 1965 857 2018 Provin-

80 2038 323 2109 siscpraeiuitnon
333 2040 568 2103 minoreisutitia‚
589 2054 672 2107 quam
685 2039 856 2093 fortitudine.

79 2109 203 2183 quue,
223 2114 320 2167 Bessis
334 2129 367 2165 ac
377 2112 530 2165 Thracibus
545 2128 644 2180 magno
659 2114 766 2182 proelio
777 2114 855 2172 duis.

77 2185 362 2252 budoanensem,
382 2193 414 2239 ut
423 2188 558 2254 epistolae
567 2188 606 2238 M.
618 2188 706 2239 Tullii
715 2190 856 2241 Ciceronis

78 2268 182 2330 mni,
203 2264 306 2333 quibus
321 2262 452 2324 Quintum
471 2261 597 2326 irenem,
618 2262 716 2315 eodem
733 2269 856 2329 tempore

77 2348 160 2400 pirum
173 2337 299 2391 secunda
312 2335 387 2388 sama
401 2336 626 2404 proconsulatum
639 2336 721 2388 Asiae
740 2336 855 2386 admini-

77 2414 202 2478 dmum,
213 2410 658 2476 hortaturetmouetimiteturin
668 2407 856 2478 promerendis

77 2488 145 2540 unis
153 2488 278 2541 vicinam
290 2500 367 2536 sunm
379 2486 530 2537 Octavium.

116 2562 162 2615 Ν.
183 2559 330 2614 Decedens
338 2559 511 2624 Macedonia
522 2560 681 2627 priusquam
693 2556 817 2624 profiteri
827 2571 856 2607 so

77 2630 243 2689 undidatnm
254 2633 413 2686 consulatus
427 2640 533 2702 posset,
553 2637 642 2684 morte
656 2631 727 2683 obiit
739 2630 856 2697 repenti-

77 2721 107 2777 u,
115 2709 316 2781 superstitibus
331 2707 436 2775 liberis,
458 2708 575 2761 Octavia
588 2706 706 2771 maiore,
727 2719 808 2774 quam
822 2718 856 2756 ex

91 2802 233 2848 Sacros.
634 2801 657 2849 n
