<?xml version="1.0" encoding="UTF-8"?>
<!DOCTYPE html PUBLIC "-//W3C//DTD XHTML 1.0 Transitional//EN"
    "http://www.w3.org/TR/xhtml1/DTD/xhtml1-transitional.dtd">
<html xmlns="http://www.w3.org/1999/xhtml" xml:lang="en" lang="en">
 <head>
  <title>
</title>
<meta http-equiv="Content-Type" content="text/html;charset=utf-8" />
  <meta name='ocr-system' content='tesseract 3.04.00' />
  <meta name='ocr-capabilities' content='ocr_page ocr_carea ocr_par ocr_line ocrx_word'/>
</head>
<body>
  <div class='ocr_page' id='page_1' title='image "./csuetoniitranqu00trangoog_0326.png"; bbox 0 0 1874 3060; ppageno 0'>
   <div class='ocr_carea' id='block_1_1' title="bbox 201 210 871 266">
    <p class='ocr_par' dir='ltr' id='par_1_1' title="bbox 201 210 871 266">
     <span class='ocr_line' id='line_1_1' title="bbox 201 210 871 266; baseline 0.012 -8"><span class='ocrx_word' id='word_1_1' title='bbox 201 210 485 261; x_wconf 79' lang='lat' dir='ltr'><strong>VESPASIANUS.</strong></span> <span class='ocrx_word' id='word_1_2' title='bbox 520 212 736 261; x_wconf 65' lang='lat' dir='ltr'>(inmo-23.</span> <span class='ocrx_word' id='word_1_3' title='bbox 820 212 871 266; x_wconf 74' lang='grc'>313</span> 
     </span>
    </p>
   </div>
   <div class='ocr_carea' id='block_1_2' title="bbox 71 334 870 701">
    <p class='ocr_par' dir='ltr' id='par_1_2' title="bbox 71 334 870 551">
     <span class='ocr_line' id='line_1_2' title="bbox 72 334 870 408; baseline 0.005 -21"><span class='ocrx_word' id='word_1_4' title='bbox 72 336 154 387; x_wconf 72' lang='lat' dir='ltr'>sads:</span> <span class='ocrx_word' id='word_1_5' title='bbox 169 340 202 386; x_wconf 90' lang='lat' dir='ltr'>ut</span> <span class='ocrx_word' id='word_1_6' title='bbox 212 334 246 386; x_wconf 88' lang='lat' dir='ltr'>de</span> <span class='ocrx_word' id='word_1_7' title='bbox 257 335 378 403; x_wconf 82' lang='lat' dir='ltr'>quodem</span> <span class='ocrx_word' id='word_1_8' title='bbox 388 349 520 404; x_wconf 76' lang='lat' dir='ltr'>procerae</span> <span class='ocrx_word' id='word_1_9' title='bbox 530 340 653 387; x_wconf 71' lang='lat' dir='ltr'>murrae</span> <span class='ocrx_word' id='word_1_10' title='bbox 662 335 870 408; x_wconf 72' lang='lat' dir='ltr'><strong>improbiusque</strong></span> 
     </span>
     <span class='ocr_line' id='line_1_3' title="bbox 71 416 789 551; baseline 0.001 -20"><span class='ocrx_word' id='word_1_11' title='bbox 71 416 155 518; x_wconf 43' lang='lat' dir='ltr'>mg}</span> <span class='ocrx_word' id='word_1_12' title='bbox 166 507 196 518; x_wconf 98' lang='lat'>-</span> <span class='ocrx_word' id='word_1_13' title='bbox 207 437 296 550; x_wconf 73' lang='grc' dir='ltr'><strong><em>μοκρὰ</em></strong></span> <span class='ocrx_word' id='word_1_14' title='bbox 304 479 390 546; x_wconf 77' lang='grc' dir='ltr'><strong><em>βιβάς,</em></strong></span> <span class='ocrx_word' id='word_1_15' title='bbox 400 480 520 551; x_wconf 65' lang='grc' dir='ltr'>κραδάων</span> <span class='ocrx_word' id='word_1_16' title='bbox 529 478 690 545; x_wconf 73' lang='grc' dir='ltr'>δολιχόσκιον</span> <span class='ocrx_word' id='word_1_17' title='bbox 698 482 789 545; x_wconf 70' lang='grc' dir='ltr'><strong><em>ἔγχος]</em></strong></span> 
     </span>
    </p>

    <p class='ocr_par' dir='ltr' id='par_1_3' title="bbox 71 557 865 701">
     <span class='ocr_line' id='line_1_4' title="bbox 72 557 865 627; baseline -0.001 -17"><span class='ocrx_word' id='word_1_18' title='bbox 72 557 141 610; x_wconf 86' lang='lat' dir='ltr'>etde</span> <span class='ocrx_word' id='word_1_19' title='bbox 152 558 253 610; x_wconf 55' lang='lat' dir='ltr'>&amp;rulo</span> <span class='ocrx_word' id='word_1_20' title='bbox 264 558 379 622; x_wconf 87' lang='lat' dir='ltr'>liberto,</span> <span class='ocrx_word' id='word_1_21' title='bbox 390 560 447 627; x_wconf 84' lang='lat' dir='ltr'>qni,</span> <span class='ocrx_word' id='word_1_22' title='bbox 458 560 534 610; x_wconf 87' lang='lat' dir='ltr'>dives</span> <span class='ocrx_word' id='word_1_23' title='bbox 545 558 702 622; x_wconf 80' lang='lat' dir='ltr'>admodum,</span> <span class='ocrx_word' id='word_1_24' title='bbox 714 558 750 610; x_wconf 91' lang='lat' dir='ltr'>ob</span> <span class='ocrx_word' id='word_1_25' title='bbox 761 558 865 610; x_wconf 85' lang='lat' dir='ltr'>subter·</span> 
     </span>
     <span class='ocr_line' id='line_1_5' title="bbox 71 631 865 701; baseline -0.001 -16"><span class='ocrx_word' id='word_1_26' title='bbox 71 631 231 699; x_wconf 62' lang='lat' dir='ltr'>nuendum</span> <span class='ocrx_word' id='word_1_27' title='bbox 245 632 410 701; x_wconf 78' lang='lat' dir='ltr'>quandoque</span> <span class='ocrx_word' id='word_1_28' title='bbox 423 635 467 685; x_wconf 90' lang='lat' dir='ltr'>ius</span> <span class='ocrx_word' id='word_1_29' title='bbox 481 634 542 685; x_wconf 86' lang='lat' dir='ltr'>iisoi</span> <span class='ocrx_word' id='word_1_30' title='bbox 565 635 712 701; x_wconf 76' lang='lat' dir='ltr'>ingenuum</span> <span class='ocrx_word' id='word_1_31' title='bbox 731 648 761 685; x_wconf 87' lang='lat' dir='ltr'>se</span> <span class='ocrx_word' id='word_1_32' title='bbox 775 631 865 685; x_wconf 85' lang='lat' dir='ltr'>etLe-</span> 
     </span>
    </p>
   </div>
   <div class='ocr_carea' id='block_1_3' title="bbox 72 704 641 847">
    <p class='ocr_par' dir='ltr' id='par_1_4' title="bbox 72 704 641 847">
     <span class='ocr_line' id='line_1_6' title="bbox 72 704 641 775; baseline 0.002 -16"><span class='ocrx_word' id='word_1_33' title='bbox 72 704 175 759; x_wconf 77' lang='lat' dir='ltr'>eliciens</span> <span class='ocrx_word' id='word_1_34' title='bbox 186 711 293 759; x_wconf 83' lang='lat' dir='ltr'>mutato</span> <span class='ocrx_word' id='word_1_35' title='bbox 302 709 413 759; x_wconf 88' lang='lat' dir='ltr'>nomine</span> <span class='ocrx_word' id='word_1_36' title='bbox 423 714 552 775; x_wconf 81' lang='lat' dir='ltr'>coeperat</span> <span class='ocrx_word' id='word_1_37' title='bbox 560 707 641 773; x_wconf 76' lang='lat' dir='ltr'>ferre,</span> 
     </span>
     <span class='ocr_line' id='line_1_7' title="bbox 203 767 569 847; baseline 0.005 -19"><span class='ocrx_word' id='word_1_38' title='bbox 203 804 239 816; x_wconf 90' lang='lat'>-</span> <span class='ocrx_word' id='word_1_39' title='bbox 245 804 281 817; x_wconf 88' lang='lat'><em>-</em></span> <span class='ocrx_word' id='word_1_40' title='bbox 288 806 323 817; x_wconf 92' lang='lat'><em>-</em></span> <span class='ocrx_word' id='word_1_41' title='bbox 332 767 351 829; x_wconf 67' lang='grc' dir='ltr'>οἶ</span> <span class='ocrx_word' id='word_1_42' title='bbox 359 778 460 847; x_wconf 81' lang='grc' dir='ltr'><strong><em>Λάχης,</em></strong></span> <span class='ocrx_word' id='word_1_43' title='bbox 468 779 569 846; x_wconf 82' lang='grc' dir='ltr'><em>Λάχης,</em></span> 
     </span>
    </p>
   </div>
   <div class='ocr_carea' id='block_1_4' title="bbox 64 842 866 2785">
    <p class='ocr_par' dir='ltr' id='par_1_5' title="bbox 64 842 866 2785">
     <span class='ocr_line' id='line_1_8' title="bbox 205 842 697 925; baseline 0.006 -22"><span class='ocrx_word' id='word_1_44' title='bbox 205 850 273 920; x_wconf 70' lang='grc' dir='ltr'>ἐπὴν</span> <span class='ocrx_word' id='word_1_45' title='bbox 281 850 432 925; x_wconf 66' lang='grc' dir='ltr'><strong><em>ἀποθάνῃς,</em></strong></span> <span class='ocrx_word' id='word_1_46' title='bbox 445 842 526 910; x_wconf 71' lang='grc' dir='ltr'><strong><em>αὖθις</em></strong></span> <span class='ocrx_word' id='word_1_47' title='bbox 536 854 642 924; x_wconf 73' lang='grc' dir='ltr'><strong><em>ἓξαρχῆς</em></strong></span> <span class='ocrx_word' id='word_1_48' title='bbox 653 856 697 925; x_wconf 68' lang='grc' dir='ltr'>ἔσῃ</span> 
     </span>
     <span class='ocr_line' id='line_1_9' title="bbox 204 925 336 998; baseline 0.015 -22"><span class='ocrx_word' id='word_1_49' title='bbox 204 925 336 998; x_wconf 74' lang='grc' dir='ltr'>Κήρυλος.</span> 
     </span>
     <span class='ocr_line' id='line_1_10' title="bbox 70 1002 865 1058; baseline 0.005 -4"><span class='ocrx_word' id='word_1_50' title='bbox 70 1002 105 1055; x_wconf 84' lang='lat' dir='ltr'>Et</span> <span class='ocrx_word' id='word_1_51' title='bbox 116 1003 240 1056; x_wconf 72' lang='lat' dir='ltr'>maxime</span> <span class='ocrx_word' id='word_1_52' title='bbox 252 1009 344 1056; x_wconf 71' lang='lat' dir='ltr'>umen</span> <span class='ocrx_word' id='word_1_53' title='bbox 359 1004 534 1057; x_wconf 74' lang='lat' dir='ltr'>dicacitatem</span> <span class='ocrx_word' id='word_1_54' title='bbox 547 1005 576 1057; x_wconf 87' lang='lat' dir='ltr'>in</span> <span class='ocrx_word' id='word_1_55' title='bbox 592 1005 760 1058; x_wconf 76' lang='lat' dir='ltr'>deformibus</span> <span class='ocrx_word' id='word_1_56' title='bbox 781 1006 865 1058; x_wconf 91' lang='lat' dir='ltr'>lucris</span> 
     </span>
     <span class='ocr_line' id='line_1_11' title="bbox 71 1076 865 1147; baseline 0.003 -18"><span class='ocrx_word' id='word_1_57' title='bbox 71 1076 235 1143; x_wconf 62' lang='lat' dir='ltr'>eumue,</span> <span class='ocrx_word' id='word_1_58' title='bbox 255 1084 287 1130; x_wconf 91' lang='lat' dir='ltr'>nt</span> <span class='ocrx_word' id='word_1_59' title='bbox 297 1078 432 1132; x_wconf 84' lang='lat' dir='ltr'>invidiam</span> <span class='ocrx_word' id='word_1_60' title='bbox 446 1081 541 1147; x_wconf 83' lang='lat' dir='ltr'>alique</span> <span class='ocrx_word' id='word_1_61' title='bbox 552 1081 729 1132; x_wconf 83' lang='lat' dir='ltr'>cavillatione</span> <span class='ocrx_word' id='word_1_62' title='bbox 740 1080 865 1144; x_wconf 65' lang='lat' dir='ltr'>dssunoe,</span> 
     </span>
     <span class='ocr_line' id='line_1_12' title="bbox 69 1150 866 1220; baseline 0 -16"><span class='ocrx_word' id='word_1_63' title='bbox 69 1150 285 1220; x_wconf 74' lang='lat' dir='ltr'>nensierretque</span> <span class='ocrx_word' id='word_1_64' title='bbox 295 1153 331 1204; x_wconf 86' lang='lat' dir='ltr'>ad</span> <span class='ocrx_word' id='word_1_65' title='bbox 342 1152 424 1205; x_wconf 84' lang='lat' dir='ltr'>sales.</span> <span class='ocrx_word' id='word_1_66' title='bbox 462 1155 604 1216; x_wconf 74' lang='lat' dir='ltr'>Quendam</span> <span class='ocrx_word' id='word_1_67' title='bbox 615 1170 630 1206; x_wconf 90' lang='lat' dir='ltr'>e</span> <span class='ocrx_word' id='word_1_68' title='bbox 641 1154 713 1205; x_wconf 87' lang='lat' dir='ltr'>caris</span> <span class='ocrx_word' id='word_1_69' title='bbox 723 1154 866 1218; x_wconf 85' lang='lat' dir='ltr'>ministris,</span> 
     </span>
     <span class='ocr_line' id='line_1_13' title="bbox 70 1226 866 1298; baseline 0.001 -20"><span class='ocrx_word' id='word_1_70' title='bbox 70 1226 304 1295; x_wconf 79' lang='lat' dir='ltr'>dispensationem</span> <span class='ocrx_word' id='word_1_71' title='bbox 331 1228 442 1280; x_wconf 83' lang='lat' dir='ltr'>cuidam</span> <span class='ocrx_word' id='word_1_72' title='bbox 472 1231 552 1298; x_wconf 84' lang='lat' dir='ltr'>quusi</span> <span class='ocrx_word' id='word_1_73' title='bbox 579 1229 692 1284; x_wconf 80' lang='lat' dir='ltr'>fratrem</span> <span class='ocrx_word' id='word_1_74' title='bbox 721 1233 866 1295; x_wconf 85' lang='lat' dir='ltr'>petentem,</span> 
     </span>
     <span class='ocr_line' id='line_1_14' title="bbox 69 1301 864 1369; baseline 0 -16"><span class='ocrx_word' id='word_1_75' title='bbox 69 1316 154 1369; x_wconf 78' lang='lat' dir='ltr'>quum</span> <span class='ocrx_word' id='word_1_76' title='bbox 168 1301 333 1366; x_wconf 71' lang='lat' dir='ltr'><strong>distulisset,</strong></span> <span class='ocrx_word' id='word_1_77' title='bbox 354 1303 445 1368; x_wconf 86' lang='lat' dir='ltr'>ipsum</span> <span class='ocrx_word' id='word_1_78' title='bbox 461 1304 636 1356; x_wconf 80' lang='lat' dir='ltr'>candidatum</span> <span class='ocrx_word' id='word_1_79' title='bbox 652 1303 687 1354; x_wconf 85' lang='lat' dir='ltr'>ad</span> <span class='ocrx_word' id='word_1_80' title='bbox 701 1318 731 1354; x_wconf 87' lang='lat' dir='ltr'>se</span> <span class='ocrx_word' id='word_1_81' title='bbox 741 1303 864 1365; x_wconf 81' lang='lat' dir='ltr'>vocavit3</span> 
     </span>
     <span class='ocr_line' id='line_1_15' title="bbox 69 1377 863 1446; baseline -0.001 -18"><span class='ocrx_word' id='word_1_82' title='bbox 69 1380 222 1442; x_wconf 66' lang='lat' dir='ltr'>maeque</span> <span class='ocrx_word' id='word_1_83' title='bbox 232 1377 358 1443; x_wconf 84' lang='lat' dir='ltr'>pecunie,</span> <span class='ocrx_word' id='word_1_84' title='bbox 371 1384 500 1445; x_wconf 83' lang='lat' dir='ltr'>quantam</span> <span class='ocrx_word' id='word_1_85' title='bbox 510 1379 535 1428; x_wconf 84' lang='lat' dir='ltr'>is</span> <span class='ocrx_word' id='word_1_86' title='bbox 547 1394 607 1429; x_wconf 81' lang='lat' dir='ltr'>cunr</span> <span class='ocrx_word' id='word_1_87' title='bbox 618 1377 802 1446; x_wconf 82' lang='lat' dir='ltr'>suffragatore</span> <span class='ocrx_word' id='word_1_88' title='bbox 811 1392 863 1428; x_wconf 90' lang='lat' dir='ltr'>suo</span> 
     </span>
     <span class='ocr_line' id='line_1_16' title="bbox 68 1450 864 1519; baseline 0 -18"><span class='ocrx_word' id='word_1_89' title='bbox 68 1450 227 1519; x_wconf 72' lang='lat' dir='ltr'>pepigerat,</span> <span class='ocrx_word' id='word_1_90' title='bbox 247 1450 307 1502; x_wconf 82' lang='lat' dir='ltr'>sine</span> <span class='ocrx_word' id='word_1_91' title='bbox 320 1465 399 1502; x_wconf 85' lang='lat' dir='ltr'>more</span> <span class='ocrx_word' id='word_1_92' title='bbox 409 1452 557 1503; x_wconf 81' lang='lat' dir='ltr'>ordinavit.</span> <span class='ocrx_word' id='word_1_93' title='bbox 596 1450 784 1519; x_wconf 78' lang='lat' dir='ltr'>interpellanti</span> <span class='ocrx_word' id='word_1_94' title='bbox 798 1466 864 1502; x_wconf 86' lang='lat' dir='ltr'>mox</span> 
     </span>
     <span class='ocr_line' id='line_1_17' title="bbox 66 1522 864 1596; baseline -0.004 -19"><span class='ocrx_word' id='word_1_95' title='bbox 66 1522 211 1588; x_wconf 79' lang='lat' dir='ltr'>ministro,</span> <span class='ocrx_word' id='word_1_96' title='bbox 226 1523 316 1576; x_wconf 76' lang='lat' dir='ltr'>Alium</span> <span class='ocrx_word' id='word_1_97' title='bbox 326 1524 387 1588; x_wconf 74' lang='lat' dir='ltr'>uit,</span> <span class='ocrx_word' id='word_1_98' title='bbox 404 1526 456 1589; x_wconf 84' lang='lat' dir='ltr'>uit,</span> <span class='ocrx_word' id='word_1_99' title='bbox 469 1541 564 1592; x_wconf 79' lang='lat' dir='ltr'>quaere</span> <span class='ocrx_word' id='word_1_100' title='bbox 566 1523 701 1596; x_wconf 81' lang='lat' dir='ltr'>fratrem:</span> <span class='ocrx_word' id='word_1_101' title='bbox 720 1523 776 1586; x_wconf 71' lang='lat' dir='ltr'>laic,</span> <span class='ocrx_word' id='word_1_102' title='bbox 789 1540 864 1589; x_wconf 80' lang='lat' dir='ltr'>quem</span> 
     </span>
     <span class='ocr_line' id='line_1_18' title="bbox 67 1597 863 1666; baseline -0.005 -15"><span class='ocrx_word' id='word_1_103' title='bbox 67 1606 245 1666; x_wconf 59' lang='lat' dir='ltr'>amputas,</span> <span class='ocrx_word' id='word_1_104' title='bbox 265 1608 393 1652; x_wconf 67' lang='lat' dir='ltr'>mersen.</span> <span class='ocrx_word' id='word_1_105' title='bbox 430 1599 582 1650; x_wconf 89' lang='lat' dir='ltr'>Mulionem</span> <span class='ocrx_word' id='word_1_106' title='bbox 596 1597 733 1649; x_wconf 88' lang='lat' dir='ltr'>initinere</span> <span class='ocrx_word' id='word_1_107' title='bbox 744 1597 863 1664; x_wconf 88' lang='lat' dir='ltr'>quodam</span> 
     </span>
     <span class='ocr_line' id='line_1_19' title="bbox 68 1670 864 1742; baseline -0.004 -18"><span class='ocrx_word' id='word_1_108' title='bbox 68 1672 226 1742; x_wconf 80' lang='lat' dir='ltr'>suspicatus</span> <span class='ocrx_word' id='word_1_109' title='bbox 237 1672 273 1724; x_wconf 81' lang='lat' dir='ltr'>ad</span> <span class='ocrx_word' id='word_1_110' title='bbox 284 1672 446 1725; x_wconf 80' lang='lat' dir='ltr'>calceandos</span> <span class='ocrx_word' id='word_1_111' title='bbox 457 1673 545 1724; x_wconf 85' lang='lat' dir='ltr'>mulus</span> <span class='ocrx_word' id='word_1_112' title='bbox 551 1672 704 1732; x_wconf 83' lang='lat' dir='ltr'>desiluisse,</span> <span class='ocrx_word' id='word_1_113' title='bbox 710 1677 742 1721; x_wconf 85' lang='lat' dir='ltr'>ut</span> <span class='ocrx_word' id='word_1_114' title='bbox 752 1670 864 1722; x_wconf 85' lang='lat' dir='ltr'>adeunti</span> 
     </span>
     <span class='ocr_line' id='line_1_20' title="bbox 66 1745 863 1815; baseline -0.006 -15"><span class='ocrx_word' id='word_1_115' title='bbox 66 1747 207 1815; x_wconf 70' lang='lat' dir='ltr'>nugatori</span> <span class='ocrx_word' id='word_1_116' title='bbox 217 1748 336 1814; x_wconf 82' lang='lat' dir='ltr'>spatium</span> <span class='ocrx_word' id='word_1_117' title='bbox 346 1761 505 1813; x_wconf 81' lang='lat' dir='ltr'>moramque</span> <span class='ocrx_word' id='word_1_118' title='bbox 514 1745 863 1813; x_wconf 73' lang='lat' dir='ltr'>praeberetinterrogevit,</span> 
     </span>
     <span class='ocr_line' id='line_1_21' title="bbox 69 1818 862 1889; baseline -0.004 -16"><span class='ocrx_word' id='word_1_119' title='bbox 69 1819 175 1887; x_wconf 72' lang='lat' dir='ltr'>Quarti</span> <span class='ocrx_word' id='word_1_120' title='bbox 187 1822 345 1874; x_wconf 65' lang='lat' dir='ltr'>caucanet?</span> <span class='ocrx_word' id='word_1_121' title='bbox 367 1828 395 1872; x_wconf 93' lang='lat' dir='ltr'>et</span> <span class='ocrx_word' id='word_1_122' title='bbox 408 1826 505 1889; x_wconf 89' lang='lat' dir='ltr'>pactus</span> <span class='ocrx_word' id='word_1_123' title='bbox 519 1827 561 1872; x_wconf 90' lang='lat' dir='ltr'>est</span> <span class='ocrx_word' id='word_1_124' title='bbox 574 1819 646 1871; x_wconf 89' lang='lat' dir='ltr'>lucri</span> <span class='ocrx_word' id='word_1_125' title='bbox 659 1823 772 1884; x_wconf 83' lang='lat' dir='ltr'>partem.</span> <span class='ocrx_word' id='word_1_126' title='bbox 811 1818 862 1870; x_wconf 84' lang='lat' dir='ltr'>Re·</span> 
     </span>
     <span class='ocr_line' id='line_1_22' title="bbox 66 1893 863 1964; baseline -0.008 -15"><span class='ocrx_word' id='word_1_127' title='bbox 66 1893 248 1964; x_wconf 66' lang='lat' dir='ltr'>protendenti</span> <span class='ocrx_word' id='word_1_128' title='bbox 267 1895 325 1947; x_wconf 83' lang='lat' dir='ltr'>tilio</span> <span class='ocrx_word' id='word_1_129' title='bbox 342 1897 422 1961; x_wconf 88' lang='lat' dir='ltr'>Tito,</span> <span class='ocrx_word' id='word_1_130' title='bbox 443 1895 616 1964; x_wconf 88' lang='lat' dir='ltr'>quodetiam</span> <span class='ocrx_word' id='word_1_131' title='bbox 633 1893 730 1944; x_wconf 82' lang='lat' dir='ltr'>urinae</span> <span class='ocrx_word' id='word_1_132' title='bbox 743 1893 863 1960; x_wconf 75' lang='lat' dir='ltr'>vectigal</span> 
     </span>
     <span class='ocr_line' id='line_1_23' title="bbox 67 1967 862 2038; baseline -0.005 -15"><span class='ocrx_word' id='word_1_133' title='bbox 67 1976 239 2023; x_wconf 81' lang='lat' dir='ltr'>commentus</span> <span class='ocrx_word' id='word_1_134' title='bbox 252 1976 336 2034; x_wconf 85' lang='lat' dir='ltr'>esset,</span> <span class='ocrx_word' id='word_1_135' title='bbox 356 1971 499 2038; x_wconf 63' lang='lat' dir='ltr'>peccuniam</span> <span class='ocrx_word' id='word_1_136' title='bbox 514 1985 548 2022; x_wconf 86' lang='lat' dir='ltr'>ex</span> <span class='ocrx_word' id='word_1_137' title='bbox 561 1970 651 2037; x_wconf 87' lang='lat' dir='ltr'>prima</span> <span class='ocrx_word' id='word_1_138' title='bbox 663 1968 795 2035; x_wconf 83' lang='lat' dir='ltr'>pensione</span> <span class='ocrx_word' id='word_1_139' title='bbox 815 1967 862 2019; x_wconf 83' lang='lat' dir='ltr'>ad·</span> 
     </span>
     <span class='ocr_line' id='line_1_24' title="bbox 65 2040 863 2111; baseline -0.005 -13"><span class='ocrx_word' id='word_1_140' title='bbox 65 2044 156 2098; x_wconf 75' lang='lat' dir='ltr'>movit</span> <span class='ocrx_word' id='word_1_141' title='bbox 165 2043 201 2095; x_wconf 87' lang='lat' dir='ltr'>ad</span> <span class='ocrx_word' id='word_1_142' title='bbox 211 2059 304 2109; x_wconf 82' lang='lat' dir='ltr'>nores,</span> <span class='ocrx_word' id='word_1_143' title='bbox 326 2045 483 2108; x_wconf 89' lang='lat' dir='ltr'>sciscitans,</span> <span class='ocrx_word' id='word_1_144' title='bbox 502 2060 565 2096; x_wconf 82' lang='lat' dir='ltr'>num</span> <span class='ocrx_word' id='word_1_145' title='bbox 578 2044 657 2095; x_wconf 83' lang='lat' dir='ltr'>odore</span> <span class='ocrx_word' id='word_1_146' title='bbox 667 2040 863 2111; x_wconf 66' lang='lat' dir='ltr'>offenderetur?</span> 
     </span>
     <span class='ocr_line' id='line_1_25' title="bbox 65 2118 861 2187; baseline -0.005 -15"><span class='ocrx_word' id='word_1_147' title='bbox 65 2118 154 2172; x_wconf 87' lang='lat' dir='ltr'>etilio</span> <span class='ocrx_word' id='word_1_148' title='bbox 165 2125 291 2187; x_wconf 76' lang='lat' dir='ltr'>negante,</span> <span class='ocrx_word' id='word_1_149' title='bbox 303 2118 394 2186; x_wconf 76' lang='lat' dir='ltr'>Atqui,</span> <span class='ocrx_word' id='word_1_150' title='bbox 405 2119 504 2185; x_wconf 74' lang='lat' dir='ltr'>inqiut,</span> <span class='ocrx_word' id='word_1_151' title='bbox 516 2118 601 2170; x_wconf 77' lang='lat' dir='ltr'>eletio</span> <span class='ocrx_word' id='word_1_152' title='bbox 612 2127 659 2169; x_wconf 86' lang='lat' dir='ltr'>ert.</span> <span class='ocrx_word' id='word_1_153' title='bbox 693 2118 861 2170; x_wconf 87' lang='lat' dir='ltr'>Nunciantes</span> 
     </span>
     <span class='ocr_line' id='line_1_26' title="bbox 65 2191 862 2261; baseline -0.004 -16"><span class='ocrx_word' id='word_1_154' title='bbox 65 2193 188 2261; x_wconf 67' lang='lat' dir='ltr'>legatos,</span> <span class='ocrx_word' id='word_1_155' title='bbox 209 2193 341 2246; x_wconf 76' lang='lat' dir='ltr'>decretum</span> <span class='ocrx_word' id='word_1_156' title='bbox 360 2192 386 2245; x_wconf 76' lang='grc' dir='ltr'>εἰ</span> <span class='ocrx_word' id='word_1_157' title='bbox 399 2191 504 2260; x_wconf 75' lang='lat' dir='ltr'>publice</span> <span class='ocrx_word' id='word_1_158' title='bbox 522 2208 575 2244; x_wconf 81' lang='lat' dir='ltr'>noc</span> <span class='ocrx_word' id='word_1_159' title='bbox 594 2191 732 2243; x_wconf 80' lang='lat' dir='ltr'>mediocris</span> <span class='ocrx_word' id='word_1_160' title='bbox 746 2207 862 2243; x_wconf 78' lang='lat' dir='ltr'>summae</span> 
     </span>
     <span class='ocr_line' id='line_1_27' title="bbox 66 2266 861 2332; baseline -0.008 -12"><span class='ocrx_word' id='word_1_161' title='bbox 66 2276 186 2320; x_wconf 76' lang='lat' dir='ltr'>rtatuam</span> <span class='ocrx_word' id='word_1_162' title='bbox 195 2269 343 2331; x_wconf 67' lang='lat' dir='ltr'>roboreum,</span> <span class='ocrx_word' id='word_1_163' title='bbox 353 2268 436 2319; x_wconf 84' lang='lat' dir='ltr'>iussit</span> <span class='ocrx_word' id='word_1_164' title='bbox 444 2266 489 2317; x_wconf 88' lang='lat' dir='ltr'>vel</span> <span class='ocrx_word' id='word_1_165' title='bbox 498 2267 628 2319; x_wconf 90' lang='lat' dir='ltr'>continuo</span> <span class='ocrx_word' id='word_1_166' title='bbox 639 2280 741 2332; x_wconf 88' lang='lat' dir='ltr'>ponere</span> <span class='ocrx_word' id='word_1_167' title='bbox 745 2302 754 2329; x_wconf 94' lang='lat'>,</span> <span class='ocrx_word' id='word_1_168' title='bbox 766 2279 861 2316; x_wconf 83' lang='lat' dir='ltr'>curam</span> 
     </span>
     <span class='ocr_line' id='line_1_28' title="bbox 66 2338 861 2410; baseline -0.01 -15"><span class='ocrx_word' id='word_1_169' title='bbox 66 2356 178 2395; x_wconf 70' lang='lat' dir='ltr'>manum</span> <span class='ocrx_word' id='word_1_170' title='bbox 188 2348 342 2408; x_wconf 76' lang='lat' dir='ltr'>ostentans,</span> <span class='ocrx_word' id='word_1_171' title='bbox 362 2348 390 2394; x_wconf 88' lang='lat' dir='ltr'>ct</span> <span class='ocrx_word' id='word_1_172' title='bbox 403 2346 529 2410; x_wconf 82' lang='lat' dir='ltr'>paretanr</span> <span class='ocrx_word' id='word_1_173' title='bbox 543 2342 624 2392; x_wconf 86' lang='lat' dir='ltr'>basin</span> <span class='ocrx_word' id='word_1_174' title='bbox 638 2340 740 2390; x_wconf 90' lang='lat' dir='ltr'>dicens.</span> <span class='ocrx_word' id='word_1_175' title='bbox 778 2338 817 2388; x_wconf 81' lang='lat' dir='ltr'>Ac</span> <span class='ocrx_word' id='word_1_176' title='bbox 826 2353 861 2388; x_wconf 91' lang='lat' dir='ltr'>ne</span> 
     </span>
     <span class='ocr_line' id='line_1_29' title="bbox 65 2411 862 2484; baseline -0.01 -16"><span class='ocrx_word' id='word_1_177' title='bbox 65 2418 95 2468; x_wconf 90' lang='lat' dir='ltr'>in</span> <span class='ocrx_word' id='word_1_178' title='bbox 104 2423 181 2470; x_wconf 84' lang='lat' dir='ltr'>metu</span> <span class='ocrx_word' id='word_1_179' title='bbox 191 2417 301 2484; x_wconf 86' lang='lat' dir='ltr'>quidem</span> <span class='ocrx_word' id='word_1_180' title='bbox 312 2433 344 2468; x_wconf 90' lang='lat' dir='ltr'>ac</span> <span class='ocrx_word' id='word_1_181' title='bbox 354 2415 476 2484; x_wconf 83' lang='lat' dir='ltr'>periculo</span> <span class='ocrx_word' id='word_1_182' title='bbox 487 2417 585 2467; x_wconf 83' lang='lat' dir='ltr'>mortis</span> <span class='ocrx_word' id='word_1_183' title='bbox 595 2420 716 2467; x_wconf 85' lang='lat' dir='ltr'>extremo</span> <span class='ocrx_word' id='word_1_184' title='bbox 727 2411 862 2462; x_wconf 77' lang='lat' dir='ltr'>abstinuit</span> 
     </span>
     <span class='ocr_line' id='line_1_30' title="bbox 66 2485 860 2558; baseline -0.01 -16"><span class='ocrx_word' id='word_1_185' title='bbox 66 2492 149 2544; x_wconf 86' lang='lat' dir='ltr'>iocis.</span> <span class='ocrx_word' id='word_1_186' title='bbox 187 2490 353 2558; x_wconf 75' lang='lat' dir='ltr'>Numquam</span> <span class='ocrx_word' id='word_1_187' title='bbox 362 2489 572 2558; x_wconf 82' lang='lat' dir='ltr'>interprodigia</span> <span class='ocrx_word' id='word_1_188' title='bbox 586 2494 677 2540; x_wconf 86' lang='lat' dir='ltr'>cetera</span> <span class='ocrx_word' id='word_1_189' title='bbox 685 2485 860 2537; x_wconf 85' lang='lat' dir='ltr'>Mausoleum</span> 
     </span>
     <span class='ocr_line' id='line_1_31' title="bbox 65 2559 860 2634; baseline -0.014 -15"><span class='ocrx_word' id='word_1_190' title='bbox 65 2571 179 2634; x_wconf 84' lang='lat' dir='ltr'>repento</span> <span class='ocrx_word' id='word_1_191' title='bbox 189 2566 335 2634; x_wconf 76' lang='lat' dir='ltr'>patuisset,</span> <span class='ocrx_word' id='word_1_192' title='bbox 351 2570 379 2617; x_wconf 92' lang='lat' dir='ltr'>et</span> <span class='ocrx_word' id='word_1_193' title='bbox 388 2565 468 2617; x_wconf 84' lang='lat' dir='ltr'>stella</span> <span class='ocrx_word' id='word_1_194' title='bbox 477 2565 507 2616; x_wconf 89' lang='lat' dir='ltr'>in</span> <span class='ocrx_word' id='word_1_195' title='bbox 518 2563 596 2616; x_wconf 86' lang='lat' dir='ltr'>coeio</span> <span class='ocrx_word' id='word_1_196' title='bbox 609 2561 708 2613; x_wconf 82' lang='lat' dir='ltr'>crinito</span> <span class='ocrx_word' id='word_1_197' title='bbox 718 2559 860 2627; x_wconf 84' lang='lat' dir='ltr'>appamie-</span> 
     </span>
     <span class='ocr_line' id='line_1_32' title="bbox 65 2633 861 2702; baseline -0.014 -9"><span class='ocrx_word' id='word_1_198' title='bbox 65 2647 120 2693; x_wconf 84' lang='lat' dir='ltr'>set:</span> <span class='ocrx_word' id='word_1_199' title='bbox 145 2640 263 2692; x_wconf 79' lang='lat' dir='ltr'>ultanus</span> <span class='ocrx_word' id='word_1_200' title='bbox 282 2639 318 2691; x_wconf 83' lang='lat' dir='ltr'>ad</span> <span class='ocrx_word' id='word_1_201' title='bbox 336 2639 435 2691; x_wconf 86' lang='lat' dir='ltr'>lulinm</span> <span class='ocrx_word' id='word_1_202' title='bbox 450 2638 592 2691; x_wconf 81' lang='lat' dir='ltr'>Calvinum</span> <span class='ocrx_word' id='word_1_203' title='bbox 612 2651 627 2687; x_wconf 88' lang='lat' dir='ltr'>e</span> <span class='ocrx_word' id='word_1_204' title='bbox 645 2640 725 2702; x_wconf 78' lang='lat' dir='ltr'>gente</span> <span class='ocrx_word' id='word_1_205' title='bbox 744 2633 861 2700; x_wconf 81' lang='lat' dir='ltr'>Augusti</span> 
     </span>
     <span class='ocr_line' id='line_1_33' title="bbox 64 2708 860 2785; baseline -0.015 -15"><span class='ocrx_word' id='word_1_206' title='bbox 64 2716 204 2785; x_wconf 84' lang='lat' dir='ltr'>pertinere</span> <span class='ocrx_word' id='word_1_207' title='bbox 215 2714 338 2780; x_wconf 63' lang='lat' dir='ltr'>diceban</span> <span class='ocrx_word' id='word_1_208' title='bbox 354 2714 470 2767; x_wconf 85' lang='lat' dir='ltr'>aiterum</span> <span class='ocrx_word' id='word_1_209' title='bbox 480 2713 516 2764; x_wconf 84' lang='lat' dir='ltr'>ed</span> <span class='ocrx_word' id='word_1_210' title='bbox 526 2709 691 2763; x_wconf 81' lang='lat' dir='ltr'>Parthorum</span> <span class='ocrx_word' id='word_1_211' title='bbox 700 2723 801 2777; x_wconf 78' lang='lat' dir='ltr'>regem,</span> <span class='ocrx_word' id='word_1_212' title='bbox 813 2708 860 2776; x_wconf 89' lang='lat' dir='ltr'>qui</span> 
     </span>
    </p>
   </div>
   <div class='ocr_carea' id='block_1_5' title="bbox 0 0 942 3060">
    <p class='ocr_par' dir='ltr' id='par_1_6' title="bbox 0 0 942 3060">
     <span class='ocr_line' id='line_1_34' title="bbox 0 0 942 3060; baseline 0 2"><span class='ocrx_word' id='word_1_213' title='bbox 0 0 942 3060; x_wconf 95' lang='lat' dir='ltr'> </span> 
     </span>
    </p>
   </div>
  </div>
 </body>
</html>
