1874 3060
239 213 439 262 obsumus.
475 214 554 262 ΜΡ.
573 217 688 265 ss—st.
812 217 863 270 ²21
928 249 930 255 ·

66 335 162 389 miliae
171 335 318 401 Neronem,
330 338 410 405 quasi
419 352 516 406 parum
525 337 775 407 reprehenderetur,
787 341 863 411 quod

66 412 164 464 adulto
174 411 231 462 iam
242 411 300 464 lilio
311 413 466 480 privignum
480 413 638 482 adoptaret,
657 414 808 468 identidem
821 417 861 468 di·

65 485 203 554 vulgavit,
224 484 352 538 seminem
370 503 486 554 uuquam
496 503 548 555 per
562 487 728 557 adoptionem
734 488 861 561 familias

67 559 195 612 θδωιδίνο
204 559 338 613 insertum.

120 634 184 686 XL.
206 633 346 687 Sermonis
358 651 424 688 vero
439 651 584 705 rerumque
597 642 703 689 tantam
718 653 800 706 saepe
814 655 859 691 ne·

65 708 226 777 gllgentiam
238 709 367 773 ostendit,
375 717 408 761 ut
416 726 467 762 nec
476 711 550 778 quis,
561 728 612 764 nec
620 714 692 765 inter
702 728 780 781 quos,
792 729 859 782 quo·

65 797 98 835 se
106 791 232 850 tempore
243 799 276 836 ac
285 784 348 838 loco
358 785 443 836 verba
452 784 568 850 iaceret,
588 788 659 839 scire
674 794 724 839 aut
736 789 859 856 cogitare

65 859 279 910 existimaretur.
319 859 408 920 Quum
423 859 456 910 de
469 859 552 911 laniis
566 867 615 912 ent
631 862 746 915 vinariis
765 877 859 931 agere·

65 937 124 997 tur,
146 932 311 986 exclamavit
324 934 353 984 in
368 934 459 984 curia:
478 933 622 1004 Rogooos,
643 935 859 1005 quispotestss'ss

66 1005 152 1075 offula
168 1006 271 1059 msere?
299 1007 498 1076 descripsitque
521 1009 718 1062 abundantiam
736 1018 858 1065 veterum

64 1081 518 1146 tabernarum,undesolit11sesset
526 1084 619 1135 vinum
630 1085 696 1136 olim
706 1086 801 1153 etipse
811 1102 857 1154 pe·

63 1162 131 1208 tere.
170 1155 213 1208 De
225 1164 369 1226 quaestore
380 1157 500 1223 quodam
514 1158 661 1211 candidato
676 1159 748 1211 inter
758 1175 856 1212 causas

63 1230 274 1299 suffragationis
284 1247 350 1282 suae
360 1232 464 1298 posuit,
486 1233 557 1299 quod
564 1242 644 1301 poter
658 1232 713 1285 eius
719 1233 858 1306 Μίδων

64 1320 148 1376 aegro
157 1305 209 1358 sibi
218 1306 365 1374 tempestive
375 1305 493 1358 dedisset.
509 1307 624 1360 luducta
632 1314 701 1361 teste
711 1309 740 1361 in
750 1316 856 1374 senatur,

64 1378 149 1444 Haec,
160 1381 260 1447 inquit,
271 1379 363 1432 matris
373 1397 445 1432 meae
455 1380 550 1432 liberta
560 1391 587 1434 et
596 1382 799 1454 οηιωιηὶῌνίις
812 1384 859 1435 sed

64 1463 255 1523 mpetratum
265 1470 365 1522 semper
374 1455 542 1506 existimauit.
575 1455 635 1508 Hoc
644 1455 703 1508 ideo
713 1457 777 1520 dixi,
789 1457 860 1524 quod

64 1528 172 1596 qnidam
182 1539 244 1581 suat
253 1528 339 1581 adbuc
348 1528 378 1581 in
387 1529 462 1580 domo
473 1544 539 1591 mea,
551 1529 598 1595 qui
606 1546 646 1581 me
651 1538 795 1598 pauonum
805 1549 857 1584 soa

59 1613 168 1672 putant.
209 1603 263 1656 Sed
274 1611 302 1656 et
310 1620 361 1672 pro
372 1604 518 1667 tribunali,
539 1603 711 1655 Ostiensibus
726 1605 857 1672 quiddam

62 1679 173 1748 publice
185 1679 341 1743 orantibus,
363 1693 445 1747 quum
456 1677 660 1742 excanduisset,
676 1676 754 1730 Nilei
760 1674 857 1731 ludere

62 1769 102 1816 se,
122 1753 293 1806 vociferatus
307 1759 361 1819 est,
382 1769 464 1820 quare
478 1769 521 1804 eos
536 1752 713 1805 demereature
737 1751 762 1805 si
780 1769 856 1821 quero

61 1827 155 1891 aliana
178 1828 358 1880 etreliberum
368 1844 429 1879 esre.
467 1827 539 1879 Nam
553 1827 604 1878 illa
618 1828 677 1880 eius
693 1827 856 1898 quotidiana

61 1909 89 1954 et
107 1902 190 1969 plano
212 1904 332 1954 omnium
352 1901 483 1954 horarum
501 1909 530 1954 et
547 1909 748 1956 momentorum
767 1909 854 1968 erant,

63 1976 146 2040 Quis,
170 1993 219 2047 ego
231 1977 280 2028 tibi
292 1975 460 2046 Theogonius
473 1977 579 2029 uideor?
598 1984 638 2042 et,
658 1976 746 2037 λάλει,
764 1973 854 2043 καὶμὴ

59 2049 182 2114 θίγγανε,
191 2052 333 2120 multaque
342 2052 412 2103 talia
422 2052 505 2103 etiam
515 2053 630 2120 privatis
641 2052 788 2120 deformia,
808 2070 854 2106 ne·

60 2126 125 2178 dun
139 2126 261 2195 principi
274 2142 362 2197 neque
375 2125 525 2177 infacundo
544 2143 632 2195 neque
651 2129 777 2195 indocto,
797 2129 853 2181 imo

60 2202 144 2253 fflanr
155 2201 333 2269 pertinaciter
343 2201 505 2252 liberalibus
515 2201 614 2253 studiis
625 2202 728 2255 dedito.

118 2275 194 2327 XLl.
214 2276 370 2327 Historiam
379 2276 408 2326 in
419 2275 615 2341 adolescentia,
625 2275 753 2330 hortante
762 2277 796 2326 T.
807 2275 854 2326 Li-

59 2350 119 2415 vio,
141 2350 265 2417 Sulpicio
275 2365 341 2402 uero
351 2350 439 2401 Flavo
455 2351 539 2401 etiam
554 2351 714 2415 adiuvante,
735 2350 854 2402 seribere

59 2431 268 2493 aggressusest.
301 2424 338 2475 Et
347 2441 429 2493 quum
439 2425 557 2492 primum
566 2424 703 2493 frequenti
714 2423 853 2476 auditorio

59 2500 255 2563 commisisset,
272 2514 353 2567 aegre
363 2499 490 2567 perlegit,
506 2499 684 2567 refrigeratus
693 2514 775 2565 saepe
785 2513 854 2549 ase·

59 2575 202 2642 metipso.
240 2573 312 2625 Nam
328 2589 410 2641 quum
423 2575 504 2626 initio
519 2573 691 2627 recitationis
695 2572 713 2636 ,'
724 2570 853 2624 defractis

60 2648 250 2716 compluribus
261 2648 400 2700 subselliis
411 2649 545 2701 obesitate
557 2647 710 2713 cuiusdam,
726 2647 799 2699 risus
807 2661 853 2700 ex-

60 2730 140 2777 ortus
150 2720 232 2790 esset,
242 2739 277 2778 ae
286 2723 383 2776 sedato
395 2723 505 2792 quidem
513 2722 634 2776 tunultu
641 2729 794 2791 temperare
803 2738 852 2792 po·
