1874 3060
83 195 90 205 ·
106 175 155 227 232
382 178 410 222 (ἲ.
433 176 615 224 SUETONH

162 297 223 351 XII.
242 297 305 351 Hos
326 297 409 349 ludos
428 300 563 368 spectavit
580 314 596 350 0
616 296 756 367 proscenii
772 294 892 364 fastigia.

105 372 232 437 Munere,
253 371 328 441 quod
346 372 376 424 in
395 371 597 443 amphitheatro
612 372 717 440 110800,
736 372 768 422 18
786 371 893 438 regione

105 448 203 499 Martii
213 448 303 515 campi
311 448 385 498 intra
396 448 462 499 0881
470 448 590 515 spatium
600 446 747 510 fabricato,
759 444 844 509 dedit,
853 460 894 497 80·

105 522 206 574 minem
217 521 330 585 occidit,
344 537 379 572 ne
393 521 540 574 noxiorum
550 521 668 589 quidem.
706 517 842 573 Exhibuit
851 534 893 570 au·

105 602 161 649 tem
175 595 211 647 ad
225 595 327 649 ferrum
340 597 424 647 etiem
439 596 653 665 quadringentos
667 600 824 660 senatores,
839 608 894 646 sex·

107 675 254 739 centosque
274 669 380 737 equites
398 670 552 735 Romanos,
572 676 601 722 00
614 670 750 737 quosdam
769 668 895 721 fortunae

106 751 188 813 atque
203 743 414 796 existimationis
433 745 575 812 integrae;
595 760 629 797 ex
641 744 740 796 iisdem
754 743 894 796 ordinbus

107 817 277 872 confectores
288 833 397 886 quoque
407 818 527 872 feranuu
538 826 565 871 et
573 820 653 871 varia
666 833 766 870 arenae
776 818 895 869 ministe-

106 895 158 945 ria.
195 891 329 943 Exhibuit
341 899 369 944 et
381 892 586 958 naumachiam,
596 894 705 945 marina
715 907 789 960 aqua
802 892 896 943 innan·

105 968 180 1019 tibus
193 967 312 1030 belluis3
335 968 400 1019 item
420 965 583 1037 pyrrhichas
598 967 731 1037 quasdem
751 983 766 1019 0
785 980 896 1019 numero

106 1040 285 1110 epheborum,
301 1042 400 1110 quibus
418 1049 483 1110 post
496 1042 598 1094 editam
613 1057 726 1111 operam
746 1040 899 1109 diplomata

107 1116 228 1168 civitatis
237 1116 378 1168 Romanae
389 1117 505 1184 singulis
516 1117 626 1168 obtulit
654 1116 729 1168 Inter
738 1113 897 1183 pyrrhicha·

105 1207 167 1243 rum
181 1196 352 1258 argumenta,
372 1197 468 1242 000008
482 1189 638 1260 Pasiphaen
656 1190 747 1259 ligneo
768 1191 899 1242 iuvencae

107 1265 254 1316 sirnulaoro
266 1264 389 1317 abditam
398 1266 474 1330 iniit,
488 1272 521 1318 ut
529 1265 610 1317 multi
618 1265 802 1334 spectantium
812 1263 898 1317 credi·

107 1339 213 1391 dercmt.
236 1339 331 1391 icarus
341 1340 430 1408 primo
441 1341 535 1392 statim
546 1346 646 1393 conatu
655 1341 734 1392 iuxta
744 1337 899 1392 cubiculum

107 1415 167 1465 eius
182 1413 296 1478 decidit,
311 1414 456 1484 ipsumque
469 1431 567 1467 000000
579 1416 719 1483 respersit.
757 1414 830 1466 Nam
839 1426 899 1481 per·

107 1503 172 1540 raro
191 1489 362 1557 praesidere,
384 1496 504 1542 ceterum
523 1491 660 1541 accubans
673 1490 792 1558 primum
805 1486 900 1556 peruls

106 1563 303 1628 foraminibus,
318 1564 417 1617 deinde
429 1570 490 1617 toto
505 1564 591 1634 podio
607 1563 754 1631 adaperto,
774 1567 901 1631 spectare

109 1645 295 1691 consueverat.
347 1638 470 1691 lnstitsrit
492 1646 520 1692 et
542 1639 743 1708 quinquennale
763 1644 901 1690 certamen

107 1713 213 1781 primus
224 1714 344 1765 omnium
353 1712 470 1779 Romae,
485 1729 561 1766 urere
572 1712 679 1765 Graeco
689 1712 803 1782 triplex,
818 1711 903 1764 musi·

110 1803 184 1853 cunt,
194 1788 364 1856 gymnicum,
375 1795 513 1855 equestre,
525 1787 599 1856 quod
610 1787 760 1856 appellavit
769 1785 902 1839 Neronias

110 1860 415 1930 dedicatisquethermls
425 1870 507 1930 atque
518 1864 673 1930 gynmasio,
678 1861 787 1914 8080001
793 1876 903 1930 quoque

109 1943 137 1986 et
151 1936 240 2005 equiti
254 1935 344 1987 oleum
357 1937 493 2003 praebuit.
531 1936 684 2004 Magistros
694 1936 749 1988 toti
759 1932 904 1988 certamini

110 2010 272 2078 praeposmt
282 2010 440 2062 consulares
451 2017 535 2076 sorte
547 2011 611 2063 sede
621 2016 793 2079 praetorum
805 2009 904 2063 deinde

109 2084 139 2134 in
151 2080 318 2135 orchestram
328 2091 507 2154 senatumque
512 2085 661 2150 descendit,
667 2091 695 2138 et
700 2086 839 2139 orationis
844 2085 903 2153 qui·

111 2156 172 2209 dem
182 2158 622 2228 carminisqueLatinicoronam,
633 2160 667 2212 de
678 2175 733 2229 qua
742 2158 905 2213 honestissi-

110 2248 171 2283 mus
182 2233 298 2302 quisque
308 2235 521 2300 contenderat,
512 2236 635 2304 rpsorum
646 2250 783 2287 consensu
793 2249 905 2287 conoes-

112 2322 171 2359 sam
186 2308 241 2359 sibi
253 2310 375 2377 recepit,
396 2309 518 2362 citharae
533 2314 624 2361 autem
638 2324 655 2359 a
668 2309 811 2361 iudicibus
825 2309 863 2362 ad
876 2324 906 2360 80

112 2381 231 2434 delatam
246 2383 386 2449 adoravit,
400 2384 520 2453 ferrique
535 2383 571 2436 ad
583 2383 700 2450 Augusti
713 2389 836 2437 statuam
850 2384 906 2435 ius-

113 2456 157 2507 sit.
198 2455 347 2525 Gymnico,
363 2459 438 2526 qnod
451 2460 480 2511 in
496 2458 585 2525 Septis
600 2458 711 2521 edebat,
721 2457 906 2526 interbuthy-

112 2530 171 2582 siae
186 2540 360 2598 apparatum,
375 2534 490 2585 barbam
503 2532 620 2600 primam
633 2533 740 2600 posuit,
753 2534 905 2586 conditam·

114 2620 166 2671 que
175 2605 204 2655 18
216 2621 326 2658 auream
337 2608 480 2675 pyxidem,
491 2614 519 2659 00
527 2607 735 2674 pretiosissimis
745 2609 906 2676 margaritis

114 2677 289 2748 adornatam,
311 2682 450 2752 Capitolio
466 2682 645 2735 consecravit
683 2681 726 2734 Ad
740 2680 907 2736 athletam
