1874 3060
249 196 449 245 CALIGULA.
485 198 554 247 cAP.
571 201 686 249 39-43.
814 201 883 257 183’

71 321 206 390 dignitate
217 320 403 388 compluribus
413 321 503 386 cellis,
522 321 661 390 inquibus
671 328 863 380 matronaein-

69 397 208 464 gennique
218 401 335 460 starent,
354 396 430 447 misit
444 397 546 448 circum
559 395 623 448 iore
636 403 664 449 st
672 397 804 452 basilicus
812 416 862 455 uo-

69 470 252 523 meuclatores
267 470 303 519 ad
316 470 474 522 invitandos
490 470 526 521 ad
540 471 682 523 libidinem
695 473 807 526 iuvenes
821 491 861 528 se-

68 558 180 612 nesque,
190 544 317 612 praebita
327 544 534 596 advenientibus
543 546 661 612 pecunia
669 545 802 613 ioeuebm,
814 564 861 616 ap-

69 620 234 688 positisque,
256 619 304 686 qui
321 620 434 671 nomina
452 619 546 686 palam
565 621 757 686 subnotarent,
781 624 862 690 quasi

70 694 259 746 adiuuantium
270 693 396 745 Caesaris
406 693 520 745 rodium.
540 694 623 747 Acus
633 710 666 746 ex
676 695 740 747 lusu
750 696 860 764 quidem

70 768 147 820 aleae
158 767 349 835 compendium
359 783 500 835 spernens,
521 768 583 837 plus
597 769 755 835 mendacio,
776 777 859 839 utque

69 843 152 893 mom
170 843 294 909 periuiio
314 842 483 894 lucrabatur.
521 842 559 894 Et
577 844 715 910 quondam
729 846 857 912 proximo

69 917 203 968 collusori
211 915 376 968 demandata
384 917 445 968 vico
454 931 518 981 sua,
538 932 699 985 progressus
712 919 742 971 iu
757 920 857 975 atrium

68 990 179 1056 domus,
200 1005 283 1058 quum
296 997 501 1059 praetereuntes
516 991 586 1044 duos
601 993 705 1060 equites
718 993 859 1048 Romanos

69 1064 219 1133 locupletes
234 1066 292 1117 siue
305 1081 384 1118 mora
399 1067 502 1135 corripi
516 1067 859 1135 conliscamqueiussisset,

68 1140 209 1191 exsultans
227 1139 323 1205 rediit,
342 1138 532 1209 gloriansque,
551 1155 690 1211 nunquam
705 1157 734 1194 se
747 1159 859 1212 prospe·

68 1214 142 1267 riore
153 1214 215 1266 alea
222 1228 311 1266 usum.

122 1287 210 1340 XLll.
229 1288 303 1340 Filio
311 1303 377 1341 vero
388 1295 462 1354 nata,
472 1295 671 1358 paupertatem,
682 1307 733 1343 nec
742 1291 799 1344 iam
808 1292 859 1345 isn-

66 1363 208 1430 peratoria
217 1363 314 1428 modo,
330 1363 379 1416 sed
389 1365 642 1432 etpauiaquerens
653 1380 751 1430 onera,
773 1366 858 1419 colla·

64 1438 156 1489 tiones
165 1438 196 1488 in
206 1436 365 1489 alimoniam
376 1452 409 1490 uc
419 1438 511 1490 dotem
520 1439 628 1505 puellus
643 1441 755 1508 recepit
791 1440 858 1493 Edi·

64 1512 108 1563 xit
116 1517 144 1564 et
154 1519 260 1564 strenas
269 1513 380 1564 ineunte
394 1528 466 1564 euno
481 1528 511 1565 se
524 1519 709 1579 recepturum:
729 1514 858 1582 stetitque

63 1586 239 1639 investibulo
252 1586 360 1639 aedium
369 1585 503 1640 Kalendis
511 1587 649 1637 Ianuariis
660 1586 695 1637 ad
706 1588 857 1654 captandus

49 1653 52 1659 ’
65 1661 165 1728 stipes,
187 1676 255 1730 quos
270 1661 359 1729 plenis
370 1668 433 1714 ante
443 1677 504 1714 eum
514 1660 641 1712 manibus
652 1675 685 1712 ac
695 1661 758 1711 sinu
768 1663 857 1712 omnis

65 1736 174 1803 genes-is
192 1737 274 1787 turba
291 1730 432 1787 fundebat.
470 1735 626 1788 Novissime
647 1736 857 1787 contrectandae

63 1810 197 1878 pecuniae
213 1811 339 1878 cupidine
357 1811 498 1874 incensus,
520 1824 601 1876 saepe
615 1808 857 1876 superimmensus

64 1898 212 1936 aureorum
222 1899 343 1948 acervos,
354 1885 543 1952 patentissimo
555 1883 672 1936 diffusos
682 1883 760 1949 loco,
771 1889 799 1937 et
808 1899 856 1935 nu·

63 1958 107 2008 dis
117 1957 233 2025 pedibus
242 1960 391 2026 spatiatus,
403 1965 430 2010 et
439 1964 499 2012 toto
512 1974 628 2027 corpore
638 1958 800 2026 aliquandiu
809 1974 856 2010 vo·

62 2032 167 2084 lutatus
177 2037 228 2084 est.

117 2106 218 2158 XLlll.
236 2107 369 2159 Militiam
391 2122 489 2175 resque
513 2106 629 2159 bellicas
648 2108 734 2160 semel
752 2108 855 2176 attigit,

59 2195 149 2249 neque
163 2196 198 2233 ex
213 2181 363 2246 destinato,
384 2181 432 2233 sed
447 2194 530 2248 quum
545 2181 581 2232 ad
597 2182 741 2234 risondnuu
759 2198 854 2234 nemus

59 2255 215 2324 flumenque
230 2256 361 2307 cummni
375 2255 532 2307 Mevaniam
546 2256 738 2323 processisset,
759 2255 854 2307 admo·

58 2330 135 2381 nitus
149 2331 184 2382 de
198 2330 349 2399 supplendo
363 2342 476 2382 numero
491 2329 672 2394 Batavorum,
693 2344 764 2396 quos
779 2329 854 2381 circa

58 2419 89 2456 se
99 2402 228 2470 habebat,
240 2404 424 2472 expeditionis
435 2402 616 2457 Germanicae
625 2405 757 2471 impetum
767 2404 852 2471 cepit=

57 2493 146 2546 neque
157 2479 277 2544 distulit,
293 2479 342 2530 sed
351 2478 507 2547 legionibus
516 2486 545 2532 et
554 2479 667 2531 auxiliis
676 2476 798 2544 undique
807 2488 852 2528 ex·

57 2553 131 2617 citis,
142 2553 294 2605 delectibus
302 2553 423 2622 undique
433 2554 609 2607 acerbissime
619 2552 697 2616 actis,
709 2556 852 2605 contracto

57 2632 87 2678 et
96 2628 187 2680 omnis
196 2630 304 2696 generis
314 2632 481 2693 commeatu,
493 2635 596 2696 quanto
610 2641 750 2695 nunquam
761 2631 851 2690 autea,

56 2701 111 2755 iter
119 2703 259 2771 ingresm
270 2708 324 2756 ests
345 2700 516 2772 confecitque
525 2703 609 2765 modo
622 2708 681 2767 tam
690 2700 852 2771 festinanter
