1822 3068
82 188 116 263 'ra
363 215 389 259 c.
412 210 597 260 sennenn

21 300 24 307 v
82 336 122 388 Μ.
132 336 266 387 hmanias
277 337 399 404 agnitum
409 336 492 387 etiarn
503 336 538 386 ab
549 350 582 386 eo
593 335 702 385 senatui
712 336 805 386 affirm

84 425 155 478 quae
173 411 243 461 sciro
264 410 293 461 c.
313 410 431 461 Matium
454 410 531 461 etc.
553 409 671 479 Oppium
696 409 804 477 reliquo

83 484 210 536 casm
230 484 345 536 amicos:
371 498 486 551 quorum
506 485 536 534 C.
553 483 670 551 Oppius,
692 485 774 550 quasi
790 501 805 552 p

84 558 242 610 defensione
256 573 290 609 ac
302 559 458 627 patrocinio
473 573 517 610 ras
532 564 634 624 egeret,
647 556 756 608 'librum
771 559 804 608 ed

82 630 143 685 Nou
153 647 206 683 erro
217 628 439 700 Caesumrfilium,
451 647 527 699 quem
538 630 676 698 Cleopatra
686 631 766 684 dieat.

81 708 143 758 vises
166 706 265 769 Cinna,
289 706 416 758 tribunus
442 706 542 774 plebis,
567 706 705 772 plerisque
730 705 805 758 conia

83 787 137 845 est,
157 778 287 832 habuisse
300 797 329 832 se
339 781 469 848 scriptam
479 786 659 848 paratamque
669 780 769 847 legem,
790 796 805 848 q

84 855 187 906 Caesar
196 853 267 906 ferre
276 855 414 919 iussisset,
429 871 512 923 quum
522 856 582 922 ipse
592 855 712 918 abesset,
727 855 770 904 uti
778 870 805 905 ur

84 928 223 980 liberorum
232 930 439 994 quaerendorum
448 943 536 990 causo,
549 942 613 995 quoe
624 936 651 980 et
659 937 721 994 quot
731 929 805 980 vellet

83 1018 142 1054 rere
152 1001 249 1055 derret.
287 1004 327 1055 Ac
335 1018 369 1055 ne
380 1004 426 1055 cui
436 1003 547 1054 dubium
558 1003 669 1054 omnino
680 1003 729 1066 sit,
745 1009 772 1054 et
784 1004 805 1053 ir

84 1076 196 1129 diuitiae
205 1092 267 1128 eum
277 1083 305 1129 et
314 1077 512 1129 adulteriorum
521 1075 805 1144 flagrasseinianria,C

83 1157 163 1218 pater
173 1151 363 1218 quadameum
374 1152 500 1217 oratione
514 1150 629 1203 emnium
642 1151 779 1202 mulierum
787 1168 805 1203 r

85 1233 112 1277 et
120 1224 236 1278 omnium
244 1225 359 1278 uirorum
370 1225 502 1277 mulierem
512 1225 641 1293 appellat.

140 1297 212 1351 LIII.
231 1299 298 1351 Vini
307 1300 497 1368 parcissimum
511 1316 545 1352 ne
555 1300 661 1350 inimici
672 1298 805 1367 quidemn

84 1378 190 1425 venue.
226 1372 347 1426 Verbum
356 1374 396 1425 M.
408 1374 521 1426 Catonis
532 1380 585 1437 est,
609 1372 694 1424 Unum
710 1389 743 1425 ea
757 1388 805 1424 orm

87 1446 226 1500 Gaesarem
240 1448 452 1500 adsumendum
465 1448 649 1516 rempublicam
663 1447 778 1498 eoldum
787 1462 804 1497 a

85 1521 156 1573 eirea
194 1521 265 1574 Nam
276 1523 350 1574 circa
359 1523 462 1578 victum
473 1523 503 1574 G.
514 1523 618 1590 Oppius
633 1523 701 1574 adeo
716 1520 805 1573 indiih

84 1603 140 1648 tem
151 1596 243 1660 docet,
263 1604 295 1648 ut
309 1599 447 1665 quondam
458 1598 493 1648 ab
504 1595 612 1663 hospite
622 1597 763 1647 condihun
774 1595 805 1648 oh

85 1672 411 1740 proviridiappositum‚
432 1670 641 1737 aspernantibus
653 1670 763 1734 ceteris,
784 1686 805 1721 s«

86 1746 170 1797 otiam
180 1745 284 1811 largius
296 1746 371 1796 dieat
380 1745 530 1811 appetisse,
541 1760 575 1795 ne
585 1743 721 1812 hospitem
732 1749 781 1796 aut
788 1761 806 1795 n

86 1819 195 1886 gentico
206 1824 254 1868 aut
262 1818 426 1869 rusticitatis
435 1818 574 1869 videretur
585 1834 707 1886 arguere·

142 1889 215 1942 LIV.
234 1891 434 1944 Abstinendum
452 1908 540 1961 neque
559 1894 589 1944 in
607 1893 731 1960 imperiis
745 1907 805 1960 neqn

86 1965 293 2032 magismatibus
312 1967 459 2033 praestitit.
501 1967 539 2018 Ut
557 1969 629 2018 euim
649 1968 761 2034 quidam
781 1984 805 2018 m

86 2040 185 2093 mentis
195 2040 358 2092 euistestati
367 2048 442 2105 sunt,
456 2042 486 2092 in
496 2041 633 2109 Hispania
648 2057 665 2091 a
674 2057 805 2108 proconsr

88 2130 105 2165 a
119 2115 203 2166 sociis
217 2115 347 2181 pecunias
363 2116 480 2183 aceepit,
502 2116 685 2167 emendicatas
699 2117 728 2166 in
744 2117 805 2166 auxi

88 2189 161 2241 aeris
171 2188 268 2252 alieni3
279 2196 306 2241 et
315 2189 512 2241 Lusitanorum
524 2190 657 2258 quaedam
669 2190 780 2257 oppida,
793 2207 805 2257 q

89 2278 172 2332 quam
180 2279 231 2315 nee
240 2264 376 2331 imperata
386 2266 569 2317 detrectarent
579 2271 606 2316 et
616 2265 773 2316 advenienti
781 2281 805 2331 pr

87 2336 285 2406 patefacerent,
311 2340 427 2406 diripuit
448 2337 596 2390 hostiliter.
642 2339 673 2389 ln
695 2337 788 2390 Gallia

87 2412 243 2480 templaque
257 2413 336 2465 (ierim
356 2414 436 2465 donis
454 2413 556 2465 referta
574 2413 718 2479 expilavit‚
738 2414 806 2464 urbe

88 2488 156 2552 ruit,
172 2489 282 2555 saepius
294 2489 329 2540 ob
340 2489 484 2556 praedam,
503 2502 585 2554 quam
597 2488 632 2538 ob
644 2488 787 2539 delictum:

89 2561 204 2626 iactum,
221 2568 254 2613 ut
263 2578 332 2615 auro
343 2563 507 2624 abundaret,
521 2562 661 2628 ternisque
670 2562 805 2613 millibus

89 2635 163 2686 mrim
172 2637 201 2686 in
212 2637 298 2688 libras
307 2636 477 2705 promercale
486 2650 536 2702 per
545 2635 654 2686 italiam
669 2637 805 2704 provincie

86 2708 231 2762 divideret,
272 2711 304 2765 ln
326 2712 416 2780 primo
442 2710 586 2763 consulatu
605 2711 660 2762 tria
679 2711 805 2780 milliap
