1874 3060
256 105 454 155 CLAUDIUS.
490 107 568 153 CAP.
586 109 702 155 ie—at.
825 105 874 156 21⁷

10 226 20 293 ²,
77 231 185 284 udum
203 228 303 282 Fucini
322 229 412 294 lucus,
437 244 471 281 ae
489 244 576 297 paene
595 230 764 295 submersus,
791 245 875 298 quum

10 301 26 335 ¹²¹
75 307 180 359 emissa
193 304 300 372 inpetu
314 319 387 372 equa
401 304 589 356 redundasset.
627 304 783 357 Adhibebat
799 306 875 357 omni

10 378 15 409 ¹
78 394 184 433 coenae
195 385 223 431 et
232 379 335 431 liberos
345 394 425 442 suos,
437 395 497 430 cum
508 380 601 446 pueris
611 380 764 448 puellisque
774 379 874 431 nobili-

10 472 13 485 ·
76 456 140 519 bus,
151 454 203 523 qni
211 468 288 505 more
298 454 384 505 veteri
393 453 429 505 ad
439 453 529 505 funcra
543 453 676 506 lectorum
691 454 816 506 sedentes
829 469 874 505 ve-

78 527 231 581 scerentur.
270 527 421 592 Convivae,
442 529 491 596 quii
505 530 594 596 pridie
608 526 742 596 scyphum
762 542 875 579 aureum

78 602 248 671 surripuisse
262 603 484 666 existimabatur,
504 610 634 656 revocato
652 605 682 655 in
697 603 769 655 diem
783 607 874 669 poste·

77 693 149 743 rum,
160 676 276 730 calicem
285 677 397 728 iictilem
408 678 546 744 apposuit.
576 678 686 730 Dicitur
697 679 780 730 etiam
789 676 874 728 rnedi-

77 758 155 805 tatus
163 750 298 814 edicturm
318 767 369 818 quo
382 751 485 803 oenum
496 751 571 803 daret
582 750 683 821 statum
697 750 875 823 crepitumque

77 825 179 879 mma
187 825 218 878 is
227 825 342 878 concisio
353 825 496 890 emittendi,
503 841 585 892 quum
596 828 780 893 periclitatum
791 841 873 895 quen·

79 900 143 953 dm
153 916 222 969 prae
232 901 339 968 pudore
348 914 382 952 ex
393 901 563 952 continentie
573 903 728 968 reperisset.

132 973 263 1029 mill.
284 975 347 1026 cibi
359 975 471 1042 vinique
486 990 647 1044 quocunque
662 983 691 1028 et
702 984 825 1043 tempore
846 982 875 1028 ct

77 1050 142 1103 loeo
153 1049 404 1118 appetentissimus.
443 1050 618 1117 cognoscens
633 1050 810 1118 quondamin
819 1051 873 1101 Au·

77 1126 153 1193 gusti
162 1122 236 1187 iore,
246 1124 372 1191 ictusque
381 1124 479 1175 nidore
489 1125 611 1192 prandii,
624 1125 698 1194 quod
707 1126 737 1176 iu
746 1125 875 1192 proxima

77 1200 180 1253 Mortis
200 1199 269 1251 aede
289 1197 373 1250 Saliis
393 1201 592 1266 apparabatur,
612 1201 721 1252 deserto
741 1199 875 1252 tribunali

78 1272 431 1336 ascenditedsacerdotes,
452 1289 561 1341 unaque
576 1275 723 1327 discubuit.
762 1274 820 1327 Nec
834 1282 875 1327 te·

78 1365 152 1402 isere
165 1362 287 1416 unquam
306 1347 429 1399 triclinio
451 1349 598 1413 abscessit,
618 1350 674 1401 nisi
693 1350 826 1401 distentus
841 1365 875 1400 ac

78 1424 205 1488 madens,
226 1427 295 1475 etut
304 1423 397 1473 stetim
407 1423 520 1489 supino,
539 1438 573 1474 ac
582 1439 632 1490 per
641 1439 766 1474 somnum
776 1421 873 1485 hianti,

78 1498 164 1568 pinna
177 1498 208 1550 in
224 1512 257 1549 os
271 1496 412 1548 inderetur
426 1497 462 1548 ad
476 1497 680 1548 exonerandum
694 1494 874 1548 stomachum.

80 1572 177 1626 Somni
189 1572 346 1624 brevissimi
361 1578 433 1637 erat,
455 1573 532 1635 (nem
547 1578 610 1623 ante
629 1571 747 1622 medium
765 1577 875 1622 noctem

79 1648 241 1716 pierumque
255 1646 430 1714 evigilabatt)
456 1652 492 1697 ut
505 1652 597 1698 tamen
610 1646 732 1698 interdiu
749 1660 875 1696 nonnun-

80 1738 161 1791 quam
170 1723 202 1774 in
211 1722 272 1773 iure
283 1721 399 1773 dicendo
411 1722 639 1785 obdormisceret,
659 1721 761 1789 vixque
776 1720 811 1771 ab
827 1720 874 1770 ad·

79 1798 198 1862 vocatis,
214 1796 248 1849 de
256 1796 394 1848 industria
402 1812 497 1849 vocem
509 1798 685 1864 augentibus,
699 1795 874 1848 excitaretur.

80 1869 218 1925 Libidinis
227 1872 257 1923 in
266 1870 382 1923 ieminas
393 1871 614 1938 profusissimae,
635 1871 751 1922 marium
762 1871 874 1924 omnino

81 1962 185 2015 expers.
224 1946 292 1998 Alea
306 1945 508 1998 studiosissime
522 1946 601 1998 lusit:
627 1946 660 1998 de
675 1946 753 1998 cuius
769 1952 827 1998 orte
841 1946 874 1996 ii·

80 2020 156 2074 brum
168 2036 280 2091 quoque
290 2021 393 2073 emisit:
413 2020 513 2072 soiitos
529 2023 612 2074 etiarn
626 2022 655 2072 in
668 2022 823 2089 gestatione
834 2021 874 2071 lu-

83 2095 151 2161 dere,
161 2098 206 2149 its
215 2096 312 2148 essedo
324 2096 457 2163 alveoque
468 2094 615 2163 adaptatis,
626 2112 661 2148 ne
671 2097 747 2148 iusns
763 2095 875 2148 coniun-

10 2272 14 2281 ·
131 2244 264 2299 XXXIV.
285 2244 402 2297 Saevum
412 2250 440 2296 et
454 2245 660 2312 sanguinarium
671 2242 875 2305 naturafirisse,

10 2330 18 2355 ³
82 2322 187 2389 unguis
196 2320 372 2387 minimisque
384 2320 513 2387 apparuit
522 2322 612 2372 rebus.
632 2322 783 2372 'l'ormenta
793 2332 875 2384 quiue·

78 2396 200 2449 itionum
228 2410 388 2463 poenasque
415 2395 617 2462 parricidarum
641 2392 874 2461 repraesentabat,

10 2474 17 2503 ⁵
76 2471 260 2539 erigebatque
275 2484 378 2521 coram.
418 2470 508 2531 Quum
528 2476 652 2536 spectare
667 2467 775 2533 antiqui
789 2465 875 2516 moris

10 2544 14 2565 ²
75 2545 245 2613 supplicium
256 2543 355 2596 Tiburi
366 2545 547 2613 concupisset,
559 2550 586 2596 et
597 2543 725 2609 deligatis
736 2541 771 2591 ad
782 2538 875 2607 palum

10 2622 12 2629 '
71 2620 173 2673 noxiis
188 2618 314 2673 camiiex
327 2619 447 2684 deesset,
468 2620 586 2672 accitum
602 2618 637 2669 ab
647 2617 721 2669 Urbe
734 2630 876 2684 vesperam
