1874 3060
259 202 370 250 NERO.
405 201 483 250 Gdl’.
502 203 618 251 oe-oo.
787 206 837 260 251

43 323 241 378 resalutatione
250 325 369 392 quidem.
379 324 417 376 Et
424 325 454 377 in
463 326 632 393 auspicando
644 327 835 397 operelstlrmi,

43 413 143 467 magna
152 397 308 468 frequentia
317 399 404 463 clare,
418 408 451 452 at
459 398 511 451 ribi
519 414 551 451 ac
556 403 653 467 popule
663 401 784 456 Itomae
794 406 836 457 be-

43 487 127 525 rerer
136 480 257 536 emeret,
263 474 378 540 optavit,
384 473 559 524 dissimulata
568 481 680 526 senatus
689 479 836 532 mentione.

95 546 251 599 xxxviii.
272 547 326 599 Sed
339 563 391 599 nec
399 547 504 614 populo
516 554 565 600 ent
573 550 718 602 moenibus
728 553 836 618 patrias

43 621 173 690 pepercit.
211 620 327 673 Dicente
337 622 632 689 quodaminsermone
642 626 794 678 communit

169 689 248 752 Ἐμοῠ
256 691 389 749 θανόντος
398 696 462 757 γαῖα
469 692 593 760 pendito
603 695 681 764 πυρὶ·

43 767 105 832 irat,
119 768 225 838 inquit,
246 766 309 827 ἐμοῦ
319 764 421 823 ζῶντος.
459 769 598 838 Planeque
613 772 655 822 ita
667 771 746 824 iecit:
769 789 834 826 nam

43 843 124 912 quari
133 841 256 895 offensus
267 842 441 895 deformitate
450 850 571 896 veterum
583 845 787 913 aedificiorum,
807 856 835 901 et

43 917 178 986 angardis
191 917 357 985 flexurisque
369 917 506 982 uicorum,
527 918 649 971 incendit
662 921 762 974 Urbem
775 929 834 975 tam

43 991 143 1060 palam,
153 997 186 1043 nt
193 991 318 1060 plerique
328 992 487 1044 consulares
498 993 761 1061 cubiculariorum,
773 1013 834 1049 cum

43 1071 142 1132 stuppa
155 1065 292 1133 taedaque
304 1067 333 1116 in
348 1066 470 1133 praediis
485 1066 543 1118 suis
563 1065 759 1134 deprehensos,
779 1086 835 1123 non

44 1139 196 1206 attigeriat3
216 1146 244 1191 et
254 1140 387 1208 quaedam
398 1137 499 1191 homea
509 1141 583 1191 circa
593 1141 703 1193 domum
708 1144 834 1208 Auream,

44 1228 158 1281 quonum
164 1213 594 1280 spatinmmaximedesiderabat,
603 1212 659 1284 [ut]
667 1216 835 1269 bellicisma·

44 1285 129 1339 eblnis
139 1287 308 1340 labefactata
319 1294 400 1354 atque
409 1288 580 1339 inflammata
589 1291 652 1353 sint,
664 1290 739 1357 quod
749 1307 833 1345 saxeo

44 1376 119 1414 muro
131 1368 289 1413 consancta
300 1368 386 1413 erant.
424 1360 477 1413 Per
491 1378 539 1413 sex
550 1363 608 1414 dies
619 1370 775 1433 septemque
784 1383 834 1419 no-

44 1441 97 1488 etes
106 1450 141 1487 ea
151 1436 231 1488 clade
240 1437 374 1488 saevitum
384 1442 435 1500 est,
446 1437 482 1487 ad
492 1442 729 1490 monumentorum
739 1440 833 1492 burto·

44 1525 156 1578 rumque
167 1510 320 1561 diversoria
333 1510 413 1578 plebe
428 1510 580 1576 compulsa.
618 1511 709 1576 lunc,
719 1520 834 1579 praeter

44 1584 201 1636 immensum
219 1599 360 1635 numerum
377 1583 544 1647 insederam,
565 1584 662 1634 dcmrrs
680 1587 834 1653 priscorum

44 1657 140 1710 ducam
151 1664 290 1722 arsenrnt,
305 1656 452 1710 hostilibus
463 1656 553 1709 adhuc
563 1657 661 1724 spoliis
672 1658 832 1723 adornatae,

44 1732 209 1800 deorumque
224 1732 354 1784 aedesab
369 1734 493 1799 regibus,
515 1746 548 1783 ac
567 1730 666 1783 deinde
680 1731 792 1784 Punicis
806 1741 834 1786 et

44 1805 158 1858 Gallicis
168 1806 248 1857 bellis
258 1812 339 1858 votae
350 1806 555 1873 dedicataeque,
567 1811 595 1857 et
604 1806 734 1873 quicquid
744 1808 832 1858 visen-

44 1880 103 1932 ium
125 1886 208 1948 atque
227 1880 406 1932 memorabile
428 1895 462 1932 er
487 1881 651 1947 antiquitate
676 1880 832 1933 duraverat.

44 1954 102 2007 iloc
120 1954 277 2006 incendium
297 1970 312 2006 e
330 1955 402 2006 turri
414 1954 626 2006 Maecenatiana
644 1962 832 2024 prospectans,

44 2028 325 2098 Laetmqueflommae,
340 2034 372 2079 ut
386 2029 492 2094 aiebat,
507 2028 717 2096 pulchritudine,
737 2025 833 2081 ἅλωσιν

44 2102 83 2154 llil
90 2104 121 2155 in
130 2103 182 2155 ilio
193 2119 245 2155 rao
255 2104 364 2156 scenico
375 2100 473 2154 habitu
482 2103 647 2155 decantavit.
683 2105 723 2157 Ae
731 2121 766 2158 ne
775 2120 832 2157 nou

45 2177 100 2230 rinc
109 2193 221 2247 qaoque
231 2184 361 2246 quantum
372 2183 467 2245 posset
475 2178 595 2243 praedae
605 2184 632 2230 et
641 2180 832 2231 manubiarum

45 2251 190 2314 maderet,
210 2251 352 2320 pollicitus
368 2251 531 2303 cadaverum
545 2259 573 2303 et
586 2252 713 2303 ruderum
728 2252 832 2319 gratui-
887 2313 891 2322 ,

45 2339 92 2377 am
105 2327 287 2394 egestionem,
307 2326 410 2377 nemini
420 2325 456 2375 ad
465 2325 597 2394 reliquias
612 2340 702 2377 rerum
719 2339 831 2375 suarum

45 2398 114 2452 edire
123 2401 263 2470 permisit3
284 2400 534 2468 collationibusque
543 2414 599 2451 non
609 2398 726 2464 receptis
737 2397 831 2461 niodo,

45 2489 131 2527 reram
141 2480 171 2528 et
180 2473 351 2542 efflagitatis,
366 2474 524 2542 provincias
534 2474 759 2542 privatorumque
770 2485 831 2522 cen·

45 2563 81 2601 ur
90 2564 179 2616 prope
189 2547 324 2601 exhausit.

89 2624 220 2675 XXXIX.
240 2624 420 2675 Accesserant
437 2623 523 2673 tantis
543 2635 578 2672 ex
600 2619 725 2687 principe
748 2617 830 2671 malis

45 2699 200 2768 stantisque
219 2698 355 2766 quaedam
374 2703 403 2750 et
416 2695 548 2749 fortuita:
572 2693 730 2762 pestilentia
747 2693 829 2745 unius
