1822 3068
216 480 248 572 οξ
278 519 512 575 suuroun
542 516 842 582 rusuuuruur

293 676 444 722 LIBER
478 674 750 725 SECUNDUS.

178 825 422 891 CAESAR
464 823 866 891 OCTAVIANUS

353 940 688 1009 AUGUSTUS.

435 1122 612 1132 ------

435 1134 602 1144 ι----

183 1267 205 1318 1.
227 1239 359 1325 Gentem
376 1269 519 1321 Octaviam
532 1268 646 1320 Velitris
661 1270 838 1335 praeeipuam
854 1266 901 1318 eliu

127 1341 228 1406 fuisse,
243 1343 331 1394 multa
343 1344 491 1395 declarant.
530 1343 601 1395 Nam
612 1349 639 1394 et
653 1343 730 1394 vicus
745 1342 901 1396 celeberrimi

129 1422 208 1484 parte
233 1418 330 1486 oppidi
353 1418 516 1486 iampridem
541 1418 671 1469 Octavius
695 1419 860 1469 vocabatur:
888 1428 901 1466 e

130 1490 327 1545 ostendebatur
337 1508 387 1544 ara
398 1493 512 1545 Octavio
525 1497 698 1556 consecrata,
720 1493 767 1559 qui
781 1492 854 1544 bello
864 1489 901 1541 du

129 1565 256 1632 finitimo,
268 1583 351 1636 quum
361 1567 433 1631 forte
438 1567 525 1618 Marti
533 1582 590 1618 rem
601 1565 722 1617 divinam
732 1565 844 1631 faceret,
854 1578 901 1616 uuu

131 1641 205 1692 ciata
213 1649 324 1709 repente
334 1640 422 1693 hostis
431 1642 597 1704 incursione,
603 1641 759 1693 semicruda
769 1647 833 1693 exta
842 1644 901 1707 rapt

129 1714 195 1767 foco
205 1716 358 1782 prosecuit,
375 1720 456 1781 atque
470 1716 512 1765 ita
521 1714 656 1783 proelium
665 1715 819 1782 ingressus,
834 1715 900 1767 vieto

129 1789 221 1839 rediit
260 1789 407 1840 Decretum
418 1789 500 1840 etiam
510 1789 649 1857 publicum
660 1791 800 1854 exstabat,
812 1804 866 1858 quo
876 1801 901 1840 et

129 1861 258 1926 rebatur,
277 1864 348 1914 utin
358 1869 498 1930 posterum
509 1879 617 1932 quoque
630 1863 730 1934 [anno]
742 1864 829 1915 simili
837 1860 901 1915 med*

131 1941 196 1987 extu
214 1936 301 1989 Marti
318 1938 509 2003 redderentur,
529 1939 716 2006 reliquiaeque
736 1939 772 1990 ad
793 1937 901 1995 omerio

129 2009 304 2064 referrentur.

186 2085 221 2136 ΙΙ.
240 2086 283 2137 Ea
298 2102 377 2155 gens,
399 2088 578 2155 aTarquiuio
595 2087 690 2139 Prisco
706 2089 855 2156 regeinter
867 2078 901 2137 m

131 2175 228 2211 manas
237 2167 331 2228 gentes
342 2163 441 2214 allecta
450 2163 480 2214 in
494 2170 631 2227 senatum,
651 2177 717 2214 mox
730 2178 748 2213 a
758 2161 817 2214 Ser.
829 2159 901 2213 iulii

131 2237 160 2286 iu
170 2236 304 2304 patricias
314 2237 487 2301 transducta,
508 2237 672 2306 procedente
686 2243 810 2305 tempore
821 2236 857 2288 ad
866 2233 901 2304 pie

132 2311 194 2362 bem
209 2326 239 2362 se
253 2313 382 2374 contulit;
403 2328 436 2363 ae
450 2328 544 2363 rursus
559 2328 658 2380 magno
671 2311 818 2363 intervallo
828 2306 901 2380 pern

131 2385 232 2437 lulium
246 2386 275 2437 in
290 2387 466 2454 patriciatum
480 2387 571 2439 rediit.
609 2386 717 2437 Primus
733 2401 767 2438 ex
776 2382 901 2450 hacmsgt

133 2467 248 2512 stratum
264 2461 362 2529 populi
377 2461 509 2529 suffragio
527 2464 599 2530 cepit
614 2463 643 2512 G.
659 2460 755 2512 Rufus.
793 2460 822 2512 ls
840 2471 901 2528 quse

133 2536 236 2599 storius
247 2537 295 2588 cu.
312 2536 380 2588 etc.
395 2537 563 2603 procreavit:
585 2553 601 2587 a
617 2537 715 2603 quihus
730 2534 831 2604 duplex
843 2534 901 2586 deu

132 2608 239 2661 riorum
255 2610 362 2662 familia
377 2610 502 2676 defluxit,
523 2612 681 2664 conditione
695 2610 815 2663 diversa:
839 2604 901 2676 siqu
