1874 3060
108 185 143 237 98
383 186 411 231 G.
431 183 619 232 SUETONH

110 312 166 363 lam
185 310 274 376 primo
293 306 503 375 folliculumque
516 306 641 357 mansiit:
661 319 726 357 mox
741 302 814 357 nibil
827 305 904 359 aliud

111 400 193 455 quam
201 383 362 434 vectabatur
372 388 399 433 et
409 381 615 444 deambulabat,
634 380 676 430 lta
688 386 720 430 ut
733 380 763 430 in
773 382 905 435 extremit

110 458 209 527 spatiis
228 457 374 509 subsultim
393 456 561 521 decurreret,
581 454 694 521 segestri
715 454 760 507 vel
778 454 905 507 lodicula

109 532 259 585 involutus.
296 531 389 583 Animi
401 530 515 583 laxandi
534 544 620 581 causa
637 528 721 581 modo
742 530 905 596 piscabatur

110 608 205 671 bomo,
224 606 308 659 modo
321 606 388 657 talis
402 610 451 657 aut
465 604 590 657 ocellatis
603 603 775 671 nucibusque
791 604 906 657 ludebat

110 698 172 734 cum
182 681 274 748 pueris
284 680 408 743 minutis,
422 694 493 746 quos
506 678 578 731 facie
588 684 616 731 et
624 677 787 744 garrulitate
799 679 904 731 amabi·

109 757 150 808 les
159 756 280 824 undique
291 754 479 822 conquirebat,
490 753 636 822 praecipue
644 752 762 804 Mauros
771 752 903 820 etSyros.

108 830 180 882 Nam
190 829 310 897 pumilos
323 834 406 896 atque
420 829 553 880 distortos
567 833 595 879 et
608 842 702 879 omnes
711 827 822 893 generis
832 828 903 881 cius·

110 906 218 968 demut
227 902 348 956 ludibria
356 909 471 955 naturae
480 901 716 971 maliqueominls‚
723 899 903 955 adhorrebat.

163 1015 316 1069 LXXXIV.
339 1017 533 1089 Eloquentiam
558 1016 704 1085 studiaque
722 1015 855 1068 liberalia
869 1018 904 1069 ab

109 1097 199 1146 aetate
210 1092 298 1160 prima
309 1092 406 1161 cupide
415 1098 443 1144 et
452 1092 670 1144 laboriosissime
680 1091 813 1143 exercuit.
842 1090 903 1143 Μιι-

109 1168 211 1219 tinensi
219 1166 292 1218 bello
298 1203 306 1229 ,
320 1166 350 1217 in
360 1171 439 1217 tanta
448 1166 520 1217 mole
530 1181 633 1229 rerum,
648 1171 676 1217 et
685 1165 786 1233 legisse
796 1172 827 1217 ct
836 1166 903 1217 scri·

107 1242 196 1310 psisse
212 1247 239 1293 et
253 1240 420 1292 declamasse
436 1239 559 1309 quotidie
572 1240 700 1293 traditur.
738 1238 812 1291 Nam
827 1240 903 1292 dein-

109 1331 172 1385 oeps
191 1330 279 1384 neque
297 1315 327 1365 in
347 1320 444 1365 senatu
462 1330 550 1383 neque
569 1315 642 1383 apud
662 1313 796 1383 populum
815 1330 906 1383 noque

108 1390 182 1460 apud
201 1388 302 1441 milites
322 1388 430 1440 locutus
449 1395 491 1440 est
504 1404 638 1456 unquam,
657 1388 713 1439 nisi
726 1388 863 1441 meditata
877 1397 905 1442 et

111 1464 266 1533 composita
276 1464 411 1527 oratione,
423 1464 547 1533 quamvis
556 1478 613 1515 non
624 1463 752 1515 deficeret
762 1463 798 1514 ad
810 1464 904 1515 subita

109 1538 290 1607 extemporali
303 1536 444 1590 facultate.
482 1538 521 1589 dc
535 1553 570 1589 ne
585 1537 736 1606 perieulum
751 1537 904 1590 memoriae

109 1614 199 1665 adiret
209 1612 296 1665 autin
310 1611 456 1664 ediscendo
470 1619 577 1680 tempus
592 1612 760 1676 absumeret,
779 1611 904 1663 instituit

108 1689 225 1741 recitare
235 1688 337 1740 omnia.
376 1686 520 1739 Sermones
531 1701 641 1755 quoque
651 1701 712 1738 cum
722 1686 852 1755 sing-ulls,
863 1694 903 1738 at·

108 1779 161 1830 que
172 1763 254 1813 etiam
266 1777 328 1812 cum
337 1760 419 1811 Livia
429 1775 480 1811 sua
489 1761 645 1829 periotes,
659 1760 773 1813 nonnisi
782 1762 903 1831 scriptos

108 1843 160 1888 ete
171 1835 265 1888 libello
281 1834 412 1897 habebat,
432 1850 466 1887 ne
480 1835 542 1902 plus
557 1835 680 1886 minusve
695 1834 857 1903 loqueretur
869 1850 904 1887 ex

106 1917 239 1977 tempore.
278 1908 483 1960 Pronunclabat
502 1908 577 1960 dulci
595 1915 623 1960 et
644 1909 760 1977 proprio
781 1909 903 1979 quodam

111 1984 168 2035 oris
178 1998 262 2047 sono,
283 1982 420 2051 dabatque
435 1982 544 2033 assidue
553 1981 693 2049 phonasco
706 1998 835 2050 operam3
855 1984 903 2037 scd

109 2072 317 2126 nonnunquam,
327 2057 472 2109 infirmatis
481 2055 620 2121 faucibus,
631 2059 777 2127 praeconis
788 2074 858 2111 voce
868 2058 903 2111 sd

107 2132 239 2201 populum
250 2132 429 2185 concionatus
439 2134 489 2184 est.

163 2240 303 2294 LXXXV.
332 2240 422 2293 Multa
441 2241 513 2293 varii
534 2241 641 2307 generis
664 2256 752 2308 prosa
775 2242 903 2295 oratioue

109 2318 274 2383 composuit,
284 2330 318 2369 ex
328 2317 428 2383 quibus
437 2315 701 2368 nonnullaincoetu
709 2315 901 2381 famniliarinm,

108 2392 222 2443 velutin
231 2391 381 2455 auditorio,
392 2391 531 2454 recitavit,
541 2390 614 2442 sicut
624 2389 764 2458 Rescripta
773 2389 863 2443 Bruto
872 2390 902 2443 de

109 2465 222 2518 Catane.-
241 2481 312 2534 quaa
325 2466 466 2519 volumina
482 2481 564 2531 quum
577 2465 634 2515 ism
649 2467 743 2517 senior
757 2481 792 2517 ex
802 2480 902 2533 magna

107 2546 186 2606 parte
196 2540 321 2609 legisset,
331 2540 465 2608 fatigatus
475 2540 589 2591 Tiberio
598 2539 716 2592 tradidit
725 2540 901 2607 perlegenda.

106 2614 174 2667 ltem
189 2615 362 2669 Hortctiooec
374 2615 411 2667 ad
419 2613 623 2682 philosophiam,
644 2620 672 2666 et
690 2615 787 2683 aliqua
802 2616 834 2667 le
847 2613 902 2666 cita

98 2704 161 2752 sua,
184 2706 269 2761 qnam
289 2691 421 2747 tredecim
440 2689 519 2743 libris
535 2689 701 2745 Cantabrico
714 2695 798 2747 tenus
816 2688 900 2754 bello,
