1874 3060
104 209 366 257 ocrsvrsuus.
403 211 615 260 esem-se.
725 210 761 264 tl

48 369 55 384 .
95 331 315 396 llacnnnciata,
336 333 467 384 excubias
481 349 530 402 per
539 335 639 386 Urbem
649 336 760 402 indixit,

47 407 68 457 is
82 406 220 458 tsrnsultus
235 407 393 471 exsisteret,
414 415 442 459 et
459 408 635 475 praesidibus
648 412 760 477 provin-

47 497 60 532 a
71 481 243 550 propagavit
251 481 405 549 imperinm,
416 489 448 533 ut
457 489 485 533 et
494 497 512 533 a
521 483 619 552 peritis
629 490 657 535 et
666 499 759 537 assue-

47 555 76 607 ii
86 555 304 607 continerentur.
341 554 429 607 Vovit
442 563 470 607 et
478 571 596 624 magnos
607 556 689 608 ludos
699 557 760 610 lcsi

50 646 68 682 o
78 628 221 681 Maximo:
241 629 266 681 ss'
273 629 459 697 rernpubls'eam
471 630 501 682 s'ss
514 629 645 682 meliorem
660 639 760 684 stersus

48 713 90 757 et.-
116 703 192 772 qnod
210 702 315 755 iactum
331 705 470 756 Cimbrico
484 705 664 775 Marsicoque
683 705 758 758 bello

60 776 142 830 Adeo
161 793 281 847 namque
301 785 505 831 consternatum
529 778 634 844 ferunt,
658 786 691 832 nt
708 795 759 850 par

48 868 106 905 nos
115 868 234 917 menses,
245 853 334 904 barba
345 853 502 922 capilloque
512 855 668 919 summisso,
675 861 759 924 ceput

48 925 215 979 nmion‘bus
224 927 357 993 illideret,
367 927 537 980 vociferans:
559 927 691 993 Qsdsctils‘
704 925 757 981 Vs·

48 1001 135 1071 qieaes
150 1001 246 1064 redd&
271 1003 397 1071 diemque
412 1000 500 1055 cladis
513 1004 663 1072 quotannis
682 1019 757 1057 moe-

48 1076 170 1128 rabnerit
180 1091 213 1127 ac
222 1076 375 1144 lugubrem.

48 1149 115 1203 [IV.
136 1150 168 1201 ln
181 1166 213 1202 re
226 1151 343 1202 militari
356 1157 384 1202 et
393 1152 573 1204 eommutavit
581 1152 669 1205 mults
679 1158 707 1205 et
715 1153 757 1204 in·

52 1241 60 1288 ;
93 1231 178 1294 atque
191 1225 276 1277 etiam
291 1225 326 1276 ad
341 1225 486 1294 antiquum
499 1241 603 1278 morem
623 1225 758 1279 nonnulla

48 1299 110 1352 evit.
142 1299 326 1367 Disciplinam
337 1301 510 1352 severissime
519 1301 600 1352 rexit.
630 1299 757 1370 Nelegs·

65 1374 182 1444 quidem
201 1375 341 1443 cuiquem,
362 1375 417 1425 nisi
434 1381 561 1442 gravate,
581 1372 758 1445 hibernisque

48 1465 65 1500 n
76 1449 228 1513 mensibus,
234 1449 360 1517 permisit
368 1464 483 1502 uxorem
494 1449 663 1502 intervisere.
673 1448 759 1519 Equi·

50 1538 197 1588 umanum,
218 1524 293 1592 qnod
313 1520 421 1575 duobus
441 1523 507 1575 tiliis
527 1521 758 1589 adolescentibus,

55 1597 232 1649 detrectandi
246 1599 423 1662 sacramenti,
444 1597 560 1666 pollices
579 1602 759 1664 amputasset,

55 1673 189 1741 bonaque
204 1672 322 1724 subiecit
335 1671 446 1724 hastae:
467 1686 547 1740 quem
557 1675 662 1733 tamen,
683 1669 760 1739 qnod

48 1762 101 1799 rere
115 1747 251 1815 emptioni
268 1746 434 1814 publicanos
446 1745 570 1809 videbat,
590 1743 691 1796 liberto
707 1757 758 1795 sno

48 1822 77 1886 lt,
83 1827 116 1872 nt
125 1820 278 1888 relegatum
288 1821 317 1872 iu
328 1836 412 1889 agros
421 1836 472 1889 pro
482 1819 571 1872 libero
583 1818 758 1871 essasiueret.

48 1910 102 1947 ram
112 1896 252 1962 legionem
263 1895 599 1963 contumaciusparentem
610 1908 670 1946 cum
680 1893 759 1962 igno·

53 1975 145 2021 totam
157 1968 275 2020 dimisit:
295 1971 361 2022 item
374 1970 457 2034 alias,
477 1967 641 2021 immodeste
650 1968 759 2021 missio·

49 2044 219 2107 ostulautes,
240 2045 311 2096 citra
324 2043 470 2097 commoda
479 2043 655 2096 emeritorum
667 2039 760 2113 [prae-

49 2118 92 2188 m]
104 2119 307 2170 exauctoravit.
341 2118 486 2182 cohortes,
497 2118 604 2187 siquae
614 2118 762 2170 cessissent

48 2193 199 2245 decimatas
209 2190 314 2245 hordeo
324 2195 411 2261 pavit
449 2192 630 2245 Centuriones
639 2193 760 2243 statione

48 2283 82 2332 a,
96 2268 194 2319 itidem
209 2274 241 2318 ut
250 2268 449 2336 manipulares,
465 2267 580 2335 capitali
590 2265 760 2317 animadver-

58 2341 164 2410 pnniit;
189 2357 240 2409 pro
262 2347 353 2394 cetero
375 2341 537 2394 delictorum
558 2355 657 2408 genere
675 2338 762 2388 variis

49 2417 123 2468 iniis
139 2415 246 2467 affecit:
269 2422 301 2467 ut
314 2424 388 2469 stare
402 2432 451 2485 per
464 2422 554 2468 totum
569 2415 641 2467 diem
655 2412 763 2465 luberet

49 2491 225 2553 emeterium
245 2491 384 2543 interdum
397 2492 538 2543 tunicatos
548 2489 763 2555 discinctosque,

49 2580 161 2634 usquam
181 2581 244 2617 cum
264 2564 450 2634 decempedis,
470 2563 618 2616 ueletiam
633 2560 764 2629 cespitem

49 2647 115 2767 ἓξ..
128 2711 227 2785 Neque
236 2720 301 2782 post
309 2713 384 2767 bella
394 2713 504 2782 civilia,
524 2717 574 2765 aut
586 2711 618 2765 ln
630 2709 766 2765 concione
