1874 3060
117 189 169 241 104
399 190 425 236 C.
450 188 634 238 nunnoni!

117 314 254 367 interdum
263 311 436 365 inconsultus
447 326 480 365 ec
493 326 638 380 praeceps,
658 323 854 378 nonnunquam
862 307 913 361 iri-

23 425 28 447 .
116 388 198 440 volus
208 389 364 456 amentique
374 387 482 439 similis.
509 385 599 448 Quum
609 384 838 437 dectuiasrerum
847 390 913 437 actu

117 469 295 530 expungeret,
317 477 391 525 eum,
413 463 462 528 qul
471 459 812 523 dissimulatavecatione,
828 473 913 526 quam

116 536 250 588 beneficio
261 536 410 587 liberomm
422 533 554 598 habebat,
574 533 769 601 responderet,
789 538 822 583 ut
835 533 912 599 cupi-

116 611 181 662 dum
194 609 337 661 indicendi
350 609 466 660 dimisit:
491 608 577 659 elium
588 607 793 675 interpellatum
807 606 843 657 ab
863 606 912 659 ad·

116 685 246 736 versariis
262 684 295 735 de
310 684 424 751 propria
434 682 497 746 lite,
517 687 726 749 negantemque,
742 681 912 748 cognitionis

115 773 182 821 rem,
193 758 241 809 scd
252 758 387 809 ordinarii
396 757 466 808 iuris
476 772 545 820 esse,
552 771 632 822 agere
642 770 755 807 censam
765 753 912 807 confestim

116 832 190 900 apud
200 847 229 883 se
241 832 345 898 coegit,
365 831 480 898 proprio
494 830 607 896 negotio
623 829 817 881 documentum
830 829 911 880 datu·

115 921 176 956 rum
180 942 188 969 ‚
209 920 291 972 quam
305 920 409 973 aequus
421 904 505 955 index
518 905 548 954 in
562 903 654 955 alieno
667 904 780 971 negotio
799 902 912 954 iuturus

116 985 195 1031 esset.
233 979 384 1043 Feminam,
394 993 450 1031 non
460 982 653 1046 agnoscentem
662 977 749 1029 lilium
759 992 849 1042 sunm,
861 977 910 1028 du-

114 1054 163 1105 bia
181 1054 309 1121 utrinque
329 1058 551 1120 argumentorum
569 1051 637 1116 lide,
657 1051 694 1102 ad
708 1051 913 1105 confasionem

116 1128 261 1195 compulit,
277 1127 382 1179 indicto
393 1127 569 1178 matrimonio
579 1126 696 1177 iuvenis.
733 1126 911 1189 Absentibus,

114 1201 263 1253 secundum
273 1207 430 1268 praesentes
440 1200 573 1252 facillime
584 1199 682 1264 debat,
702 1200 779 1252 nullo
791 1200 910 1263 delectu,

114 1276 230 1342 culpane
244 1276 306 1342 quis
321 1290 356 1325 un
370 1275 467 1343 alique
480 1275 643 1326 necessitate
659 1279 801 1325 comesset.
839 1272 909 1325 Pro-

116 1349 251 1400 clamente
262 1348 390 1416 quodam,
396 1348 597 1415 praecidendas
604 1347 720 1400 talsano
731 1363 837 1412 manus,
849 1363 909 1399 cur-

112 1423 220 1474 nillccm
231 1424 325 1475 statim
335 1424 421 1475 acciri
431 1439 492 1474 cum
505 1421 653 1474 machaera
662 1437 810 1490 mensaque
819 1421 910 1475 lauic-

112 1498 161 1549 nia
169 1497 315 1564 flagitavit.
353 1496 562 1565 Peregrinitatis
572 1511 657 1560 reum,
669 1502 732 1548 orta
740 1497 815 1548 inter
823 1496 910 1548 adva-

114 1577 192 1625 cetos
208 1573 262 1624 levi
277 1573 466 1636 contentione,
486 1576 646 1638 togatumne
661 1585 696 1621 an
710 1570 858 1638 palliatum
868 1570 909 1622 di-

114 1661 175 1698 cere
195 1661 306 1697 mersam
322 1651 475 1712 oporteret,
496 1644 578 1712 quasi
591 1645 758 1713 aequitatem
770 1645 910 1712 integrum

114 1726 268 1784 ostentans,
279 1726 385 1772 mutere
395 1717 519 1770 habitum
529 1720 653 1785 saepius,
665 1725 693 1771 et
701 1725 786 1786 prout
796 1734 910 1771 acerna·

112 1800 188 1847 retur
198 1794 434 1857 defenderetorve,
454 1794 545 1844 iussit.
584 1792 626 1844 De
637 1794 758 1860 quodam
767 1795 854 1846 etiam
863 1809 910 1845 ne·

112 1870 190 1936 gotio
201 1869 242 1919 ita
251 1884 285 1920 ex
294 1868 398 1919 tabella
407 1867 604 1935 pronunciasse
615 1867 748 1932 creditur,
767 1869 911 1921 scamus

113 1941 312 2005 eosoesentr're,
334 1941 380 2007 qui
392 1957 455 1992 cero
461 1941 666 2008 proposuissent.
705 1941 824 2011 Propter
838 1958 912 2009 qnae

111 2031 199 2083 nsque
209 2030 242 2066 eo
253 2016 361 2078 eviluit,
382 2017 527 2082 utpassim
541 2030 574 2066 uc
583 2015 729 2083 propalam
739 2016 909 2085 contemptui

113 2095 193 2157 esset.
231 2088 374 2140 Excusant
385 2089 497 2158 quidam
507 2096 619 2155 testem,
640 2090 814 2157 eprovincle
827 2091 909 2143 abeo

112 2169 249 2228 vocatum,
259 2164 371 2230 negavit
380 2169 490 2231 praesto
502 2179 562 2215 esse
571 2179 662 2231 posse,
674 2164 851 2217 dissimulata
861 2164 910 2217 diu

113 2252 210 2302 causa,
230 2253 264 2289 ac
273 2243 337 2304 post
347 2238 449 2305 longor
456 2239 563 2290 demum
572 2239 818 2305 interrogationes,
833 2235 908 2291 Μον-

113 2321 173 2364 tuus
187 2320 239 2375 est,
258 2312 362 2380 inquit3
383 2306 577 2378 pnff'lt'cuit„
606 2313 682 2364 Alius
696 2313 803 2380 gratias
812 2328 907 2381 agens,

113 2386 188 2455 quod
197 2403 274 2438 reum
285 2385 395 2438 defendi
404 2392 552 2455 pateretur,
564 2386 679 2438 adiecit:
698 2385 740 2438 Et
748 2384 910 2457 tamenflm'

112 2462 185 2533 solet.
199 2460 272 2511 lllnd
282 2476 391 2528 qnoque
403 2477 420 2512 a
429 2461 581 2513 maioribus
591 2466 659 2511 natu
669 2461 905 2531 audiebam-adeo

113 2535 269 2587 causidicos
279 2535 414 2600 patientia
424 2535 484 2586 eius
494 2534 593 2587 solitos
603 2535 690 2598 abuti,
700 2540 732 2587 ut
742 2535 905 2589 descenden-

111 2613 166 2658 tem
186 2625 201 2660 e
214 2609 348 2660 tribunali
361 2624 417 2660 non
431 2609 520 2659 solum
534 2625 602 2661 voce
621 2615 795 2674 revocarent,
816 2610 866 2663 sed
879 2615 905 2660 ot

104 2681 213 2735 lacinia
223 2688 307 2752 togae
316 2687 431 2748 retenta,
440 2682 578 2735 interdurn
587 2682 657 2752 pede
667 2681 850 2752 apprehenso,
859 2683 903 2737 de·
