1874 3060
119 184 169 235 252
395 186 422 232 G.
447 181 634 232 suaromr

119 309 167 377 qui
177 307 334 371 descissent,
346 307 504 359 urinaretur.
542 305 670 373 Denique
682 318 733 371 per
747 309 811 357 octo
824 303 894 356 conti·

116 399 187 435 nuos
198 383 257 434 dies
266 398 323 434 non
333 383 482 434 rescribere
493 381 629 447 cuiquam,
639 394 696 430 non
706 378 835 430 mandare
842 376 895 446 qn'l

117 463 167 510 aut
175 457 333 524 praecipere
345 463 468 520 conatus,
478 471 535 507 rem
546 455 657 506 silentio
669 453 836 506 obliteravit.

171 531 245 583 XLl.
265 531 372 581 Edictis
385 531 496 582 tandem
511 529 636 580 Vindicis
657 526 862 580 contumeliosis
875 532 896 579 tt

116 605 303 673 frequentibus
313 609 601 671 permotus,senatum
610 601 894 671 epistolainultioneu
936 609 937 616 ’

116 681 160 733 sui
169 681 264 748 reique
274 678 401 744 publicae
407 677 569 731 adhortatus
579 683 768 742 astercusato
779 677 896 744 languore

115 755 250 816 faucium,
271 758 383 818 propter
398 768 478 819 quem
491 768 547 804 non
568 752 685 804 adesset.
723 750 803 804 Nihil
821 756 896 803 satu

117 844 203 895 aeque
214 827 315 889 doluit,
336 841 418 893 qnam
431 833 464 878 nt
474 825 663 879 citharoedum
672 826 777 877 malum
787 841 817 878 se
824 826 897 877 inere·

117 904 217 969 pirum,
239 916 273 952 ae
282 917 332 968 pro
343 900 452 953 Nerone
462 901 646 952 Aenobarbum
661 900 840 969 appellatum.
871 898 898 951 lit

117 992 217 1028 nomen
238 975 347 1041 quidem
361 976 475 1042 gentile,
497 976 571 1042 quod
586 976 641 1027 sibi
654 989 704 1041 per
718 973 899 1027 contumelia!

118 1051 343 1117 exprobraretur,
358 1056 559 1116 resumpturum
569 1065 599 1100 se
608 1048 750 1116 professus
761 1055 815 1113 est,
831 1049 900 1117 dspo-

118 1125 173 1176 sito
185 1125 327 1190 adoptivo.
367 1125 465 1175 Cetera
475 1124 613 1188 convicia,
632 1130 666 1175 ut
676 1122 765 1187 falsa,
785 1137 842 1174 non
854 1122 900 1173 alio

120 1204 280 1265 argumento
290 1196 446 1261 refellebat,
463 1215 545 1266 quam
557 1198 633 1265 quod
643 1198 728 1249 etiam
737 1197 850 1249 inscitia
858 1195 902 1248 sibl

117 1278 262 1338 tantopere
277 1271 437 1322 elaboratae
451 1272 642 1338 perfectaeque
656 1287 674 1323 a
688 1287 719 1323 se
733 1272 804 1323 artis
814 1271 902 1323 obiice·

119 1353 207 1408 retur,
237 1345 361 1412 singulos
381 1346 497 1397 subinde
516 1347 654 1413 rogitans,
675 1355 815 1397 nascatur
829 1360 903 1413 pacm

121 1435 199 1487 quom
215 1419 454 1486 praestantiorem?
492 1420 546 1472 Sed
568 1421 731 1487 urgentibus
751 1420 816 1472 aliis
836 1433 904 1487 saper

121 1493 193 1545 alios
204 1495 320 1558 nunciis,
332 1494 448 1547 Romam
459 1495 649 1561 praetrepidus
658 1494 755 1546 rediit:
767 1494 905 1561 leviterque

120 1569 204 1619 modo
224 1569 254 1619 in
272 1569 371 1621 itinere
394 1568 495 1620 frivolo
520 1569 645 1635 auspicio
669 1575 760 1620 mente
783 1576 906 1631 recreata,

121 1659 205 1710 quum
225 1649 385 1695 annotasset
403 1642 571 1710 insculptum
590 1649 782 1708 monumento,
802 1643 907 1695 militen

122 1716 234 1767 Gallum
245 1717 279 1768 ab
290 1718 381 1785 equite
390 1717 516 1768 Romano
529 1731 690 1784 oppressum
699 1715 776 1769 trahi
786 1718 907 1780 crinibus,

122 1791 159 1841 ad
168 1806 228 1841 eam
239 1792 357 1857 speciem
367 1791 480 1842 exsiluit
488 1791 600 1859 gaudio,
607 1792 770 1858 coelumque
781 1792 908 1844 adoram

121 1865 161 1916 Ac
173 1880 207 1916 ne
220 1871 286 1916 tune
300 1856 473 1933 quidem'ant
483 1871 581 1917 senatu
590 1872 639 1917 aut
648 1867 753 1934 populo
765 1881 861 1919 eoram
871 1880 909 1933 ap

121 1935 238 2004 pellato,
259 1939 394 2005 quosdam
408 1955 423 1990 e
438 1941 606 2005 primoribus
618 1940 687 1992 viris
698 1940 811 1992 domum
822 1955 909 1994 evoca·

120 2012 171 2074 vit,
179 2016 374 2080 transactaque
383 2015 484 2079 raptim
495 2014 705 2078 consultatione,
715 2015 855 2082 reliquam
865 2013 911 2067 dici

120 2090 227 2152 partem
237 2100 287 2152 per
297 2101 402 2153 organa
412 2085 577 2154 hydraulica
590 2086 656 2141 n'ovi
669 2095 697 2140 et
710 2089 803 2155 ignoti
813 2089 911 2157 generis

122 2159 317 2212 circumduxit:
341 2163 681 2230 ostendensque'singula,
702 2163 912 2216 derationare

122 2233 284 2286 difficultate
294 2235 426 2302 cuiusque
437 2238 583 2300 disserens,
593 2237 650 2288 iam
660 2253 690 2288 se
700 2238 785 2288 etiam
796 2238 912 2305 prolati·

121 2323 183 2360 rum
194 2311 288 2361 omnia
300 2310 331 2360 in
344 2307 481 2362 theatrum
498 2312 656 2375 affimavit,
676 2312 703 2363 si
714 2327 766 2379 per
775 2311 913 2365 Vindicem

97 2383 215 2441 ,liceat

158 2470 162 2477 ·
176 2456 264 2509 XLll.
284 2455 435 2526 Postquam
446 2459 545 2511 deinde
555 2460 638 2511 etiam
650 2457 770 2512 Galbam
781 2466 811 2512 et
819 2461 913 2528 Hispa·

122 2531 342 2584 niasdesclvisse
354 2535 496 2601 cognovit,
517 2533 668 2601 collapsus,
689 2534 914 2602 anbnoquemale

96 2671 100 2678 Ι
122 2604 226 2671 fracto,
242 2606 291 2658 din
300 2613 328 2659 et
336 2608 396 2660 sine
405 2624 474 2660 voce
483 2615 511 2660 et
521 2624 607 2676 prope
615 2609 816 2661 intermortuus
826 2608 914 2662 iacuit·

37 2672 70 2825 ἱ
122 2679 212 2750 thue
219 2682 351 2753 resipuit,
370 2689 446 2737 veste
456 2683 585 2748 mussa,
605 2684 696 2752 capite
712 2685 913 2744 converberata,
