1822 3068
95 209 111 259 o
367 213 394 259 c.
422 211 611 260 suarouu
706 242 713 271 ,

94 336 128 386 do
138 349 252 388 numero
267 334 467 402 gladiatorum,
487 348 592 401 quone
608 332 741 385 maiorem
757 334 883 402 cuiquam

93 408 195 461 habere
204 408 309 461 Rornae
318 409 422 460 liceret.

148 483 197 536 Xl.
217 484 373 536 Conciliato
384 483 482 551 populi
496 481 606 546 farore,
626 483 744 534 tentavit
757 498 807 550 per
821 499 883 550 par-

90 566 145 610 tem
159 559 346 622 tribunorum,
361 563 393 608 ut
407 558 463 608 sibi
475 558 618 624 Aegyptus
634 558 778 624 provincia
797 557 882 625 plebi·

90 634 160 685 scito
172 632 296 696 daretur,
307 638 405 683 nactus
415 631 630 683 extraordinarii
639 632 748 699 imperii
759 634 883 684 occasio-

90 724 165 771 nem,
186 706 261 775 guod
270 706 451 758 Alexandrini
465 721 557 773 regem
567 722 660 770 suum,
682 707 788 758 socium
800 714 882 774 atque

90 783 208 833 amium
230 796 248 832 a
267 787 366 832 senatu
386 780 568 848 appellatum,
589 780 763 848 expulerant,
784 797 882 849 resque

91 854 202 925 [vulgo]
223 855 443 923 improbabatur.
480 855 539 907 Nec
559 856 692 920 obtinuit,
719 856 881 908 adversante

90 929 264 997 optimatium
275 928 413 992 tactione3
428 946 545 998 quorum
556 931 750 982 anctoritatem
759 936 803 995 ut,
821 932 880 998 qui-

88 1005 140 1055 bus
150 1008 245 1071 posset
258 1004 366 1069 modis,
385 1005 502 1056 invicem
518 1004 699 1069 deminuerct,
720 1010 839 1072 tropaea
850 1006 880 1056 G.

87 1078 174 1129 Marii
193 1077 227 1130 do
242 1077 374 1146 Iugurtha
395 1079 482 1146 deque
498 1079 616 1133 Cimbris
636 1084 718 1146 atque
733 1081 880 1144 Teutonis,

88 1153 154 1203 olim
166 1168 183 1204 a
193 1151 272 1205 Sulla
286 1153 415 1218 disiecta,
432 1154 566 1216 restiurit3
587 1159 669 1222 atque
683 1154 713 1204 in
728 1154 880 1206 exercenda

87 1228 121 1278 de
131 1227 242 1281 simiis
252 1229 414 1295 quaestione
429 1244 478 1279 eos
493 1242 602 1296 quoque
612 1229 776 1279 sicariorum
786 1245 879 1281 nume-

85 1317 118 1353 ro
129 1300 234 1362 babuit,
247 1303 295 1370 qni
304 1303 506 1370 proscriptione
523 1302 558 1353 ob
568 1301 657 1353 relata
668 1303 768 1354 civium
779 1303 879 1355 Roma-

86 1391 185 1428 uorunr
196 1376 289 1444 capita
299 1377 430 1444 pecunias
441 1391 475 1428 ex
485 1377 594 1428 aerario
606 1383 782 1444 acceperant,
794 1393 879 1446 quan-

87 1465 169 1518 quam
180 1455 310 1518 exceptos
321 1451 457 1503 corneliis
467 1450 584 1519 legibus.

141 1524 204 1577 xit
224 1523 393 1578 Strhornavit
407 1527 505 1590 etiam,
521 1526 571 1593 qui
581 1526 611 1576 G.
622 1525 738 1577 Rabirio
753 1527 880 1593 perduel-

85 1599 169 1652 lionis
180 1599 253 1653 diem
264 1599 380 1663 diceret3
401 1617 456 1668 quo
470 1601 620 1667 praecipuo
632 1600 760 1652 adiutore
771 1601 881 1669 aliquot

86 1680 149 1726 ante
160 1672 286 1727 annosis.
294 1674 436 1727 Saturnini
444 1674 608 1725 seditiosum
618 1675 788 1726 tribunatum
799 1691 878 1727 sena·

84 1756 130 1800 tus
141 1754 313 1802 coercuerat:
334 1764 367 1799 ac
376 1753 451 1800 sorte
465 1747 549 1798 iudex
562 1748 592 1798 in
606 1763 683 1799 reum
694 1749 806 1814 ductus,
821 1756 880 1800 tem

86 1822 185 1889 cupide
196 1821 395 1886 condemnavit,
407 1827 439 1872 nt
448 1822 483 1872 ad
493 1821 625 1890 populum
634 1825 800 1889 provocanti
809 1822 880 1875 nihil

86 1911 172 1963 aeque
184 1910 217 1947 ac
225 1894 327 1948 iudicis
338 1897 474 1948 acerbitas
485 1896 630 1963 profuerit.

141 1969 216 2043 Xlll.
226 1967 373 2037 'Deposita
382 1971 542 2038 provinciae
553 1987 609 2038 spe,
620 1971 813 2038 pontificatum
819 1987 876 2024 ma-

84 2044 188 2096 ximum
198 2043 293 2112 petiit,
308 2059 363 2096 non
374 2046 434 2097 sine
443 2045 637 2112 profusissima
651 2045 808 2113 largitione.
847 2047 878 2098 ln

86 2133 141 2187 qna
151 2123 280 2187 reputans
289 2120 505 2187 magnitudinem
516 2121 588 2171 aeris
600 2120 691 2184 alieni,
704 2136 786 2188 quum
798 2137 878 2173 mane

86 2193 122 2244 ad
134 2193 246 2254 comitia
257 2192 445 2259 descenderet,
461 2195 632 2262 praedixisse
641 2195 725 2245 aratri
740 2195 879 2247 osculanti

85 2267 180 2332 fertur,
192 2267 296 2320 domum
305 2284 332 2319 re
342 2268 552 2338 oisipootifleem
562 2286 614 2320 nou
624 2285 796 2320 reuersurum.
832 2271 878 2322 m-

86 2358 138 2409 que
148 2343 190 2394 ita
198 2343 405 2410 potentissimos
416 2345 486 2395 duos
498 2344 701 2410 competitores,
708 2344 878 2412 multumque

86 2424 114 2468 et
124 2423 216 2470 aetate
226 2423 254 2470 tt
264 2417 398 2484 &gnitate
411 2417 609 2487 antecedentes,
621 2419 770 2486 superavit,
776 2425 809 2470 ut
818 2419 877 2486 plu-

83 2506 116 2542 ra
125 2493 184 2558 ipse
194 2493 224 2544 in
233 2496 329 2544 eorsum
338 2493 465 2546 tribubus
476 2491 618 2560 suffragia,
631 2507 712 2560 quam
724 2499 838 2562 uterque
848 2494 877 2544 in

85 2567 220 2632 omnibus,
231 2565 335 2619 tulerit.
418 2580 421 2585 ·

140 2639 214 2692 XIV.
233 2640 351 2693 Praetor
360 2647 482 2706 creatus,
499 2641 607 2693 detecta
623 2643 815 2695 coniuratione
826 2643 877 2693 Ca-

70 2711 186 2778 tilinae,
208 2721 365 2786 senatuque
380 2715 510 2771 universo
524 2716 553 2768 in
564 2716 659 2769 socios
668 2716 803 2770 tadaoris
812 2717 876 2768 ulti·
