1822 3068
130 192 391 242 OCTAVIANUS.
426 195 504 242 cle.
522 198 563 243 16.
574 198 614 243 17.
739 195 773 247 57

75 317 158 372 eslbl
167 323 262 386 partes
271 322 375 370 terrore
386 333 419 368 ac
427 317 695 372 minisrlndloantom
697 336 774 389 ,·spo

75 393 205 455 exereitn3
225 392 430 461 supplicemque
441 406 573 447 concessa
582 393 641 446 vita
651 396 774 501 Circeios

75 473 178 522 mirmur
187 466 331 533 relegavit.

75 530 121 594 iil.
141 542 181 595 Μ.
196 541 312 592 Antonii
324 541 483 593 societatem
498 556 606 611 semper
620 541 732 595 dubiam
747 554 775 596 ot

75 632 124 682 em,
144 615 422 668 reconciliationibus
433 617 520 668 vanu
529 617 602 669 male
611 616 774 682 focillatem

75 696 91 743 t
102 690 226 743 tandem.
264 689 302 741 Et
314 706 370 759 quo
382 691 472 758 inagis
487 690 667 759 degenerasse
681 707 742 745 cunr
758 707 776 743 a

75 781 152 818 more
167 764 348 834 approbaret,
367 771 571 830 testamentum,
592 767 667 835 quod
682 767 707 818 is
720 766 775 819 Ro·

75 841 159 893 &am
174 839 210 891 de
221 839 385 909 Cleopatrae
399 839 495 891 liberis
503 841 576 893 inter
585 839 698 895 heredes
707 857 775 894 nun·

75 931 100 981 s,
115 914 281 983 reliquerat,
302 914 478 981 aperiendum
488 914 712 986 recitandumque
723 931 774 986 pro

75 989 242 1042 accuravit.
280 987 396 1042 Remisit
408 994 500 1041 tamen
510 987 586 1041 hosti
594 991 718 1044 iudicato
728 1007 774 1044 ne-

75 1065 161 1116 {dines
176 1063 336 1132 anticosque
351 1078 458 1127 omnes,
477 1068 560 1132 atque
573 1065 645 1117 inter
660 1066 732 1119 alios
743 1067 774 1117 c.

75 1145 129 1191 net
138 1139 189 1189 Cn.
200 1137 363 1201 Domitium,
374 1144 440 1189 tunc
449 1136 539 1191 adhuc
549 1140 685 1191 consules.
719 1140 774 1192 Bo-

76 1214 158 1265 uibus
178 1226 290 1281 quoque
309 1212 430 1278 publice,
451 1211 526 1281 qnod
544 1213 574 1264 in
593 1214 774 1266 Antoniorum

76 1288 107 1339 la
117 1287 273 1353 antiquitus
288 1292 378 1350 erant,
399 1289 516 1354 gratiam
530 1286 598 1340 iecit
611 1289 776 1341 coniurandi

76 1369 116 1414 »ta
128 1361 214 1413 ltalia
228 1376 279 1427 pro
294 1361 418 1428 partibus
433 1362 500 1412 suis.
537 1361 596 1414 Nec
608 1363 696 1415 multo
710 1370 776 1432 port

84 1436 195 1506 proelio
212 1433 402 1503 apnddctium
415 1436 494 1498 vicit,
515 1435 544 1486 in
557 1452 646 1488 semim
662 1438 775 1490 dimica·

76 1515 221 1573 tranacta,
232 1509 375 1560 utinnevi
384 1509 476 1560 victor
485 1513 695 1576 pernoctaverit.
733 1513 774 1564 Ab

76 1600 153 1655 quum
165 1584 277 1636 Samum
287 1583 317 1634 in
327 1581 442 1635 hiberna
457 1598 487 1634 se
499 1585 660 1649 recepisset,
679 1586 774 1637 teuba-

76 1661 141 1712 rciis
151 1659 186 1711 de
197 1657 333 1710 seditione
342 1657 475 1721 militnm,
496 1658 619 1724 praemla
630 1663 658 1709 et
665 1659 774 1710 missio·

76 1734 237 1796 recentium,
249 1748 319 1801 qnos
329 1748 363 1784 ex
374 1733 449 1784 omni
459 1746 585 1796 numero,
601 1731 727 1784 coniecta
735 1734 776 1784 vl·

76 1848 82 1873 ,
105 1806 286 1860 anuinium
314 1808 506 1876 praemiserat,
535 1807 635 1876 repetit
656 1806 775 1872 ltaliam,

76 1890 141 1936 state
159 1883 189 1934 in
203 1882 323 1933 traiectu
335 1882 379 1932 bis
393 1881 580 1946 conflictatus,
600 1883 690 1950 primo
702 1883 776 1935 inter

77 1959 173 2011 ntoria
183 1956 369 2023 Peloponnesi
379 1961 461 2025 atque
471 1956 606 2020 Aetoliae,
616 1973 712 2010 rursus
723 1960 774 2011 cir-

77 2041 130 2086 1tes
140 2030 465 2099 Geratmios,ntrobiqne
474 2037 552 2099 parte
562 2032 773 2086 Liburnicarum

76 2124 117 2171 sa;
137 2105 275 2174 simulque
286 2106 358 2169 eius,
372 2106 402 2155 in
413 2120 468 2174 qua
476 2105 639 2172 vehebatur,
649 2107 720 2161 fusis
730 2125 774 2161 ar·

77 2184 124 2235 rtis
147 2188 177 2233 et
195 2180 381 2247 gubernaculo
402 2179 542 2232 diffracto.
579 2181 637 2235 Neo
656 2184 775 2252 amplius

77 2263 176 2326 reptem
187 2261 216 2306 ot
224 2255 323 2322 viginti
333 2254 400 2318 dies,
412 2254 499 2308 donec
509 2256 646 2309 desideria
656 2259 775 2310 militum

78 2337 187 2394 rent11r,
202 2329 346 2380 Brundisii
359 2336 557 2396 commoratus,
572 2332 654 2384 Asiae
664 2332 775 2399 Syriae·

77 2407 170 2459 rcnitu
187 2405 342 2471 Aegyptum
360 2405 442 2472 petit3
471 2406 639 2474 obsessaque
657 2407 774 2457 Alexan·

77 2497 120 2552 [no
131 2479 269 2532 Antonius
280 2494 341 2529 cum
352 2478 500 2548 Cleopatra
510 2480 683 2548 confugerat,
698 2480 776 2531 brevi

77 2573 82 2607 ι
96 2562 148 2608 est.
188 2552 226 2604 Et
239 2552 386 2605 Antonium
402 2555 525 2623 quidem,
547 2570 623 2606 seras
638 2554 774 2606 conditio·

77 2633 122 2683 ¹cis
139 2633 306 2692 tentantem,
331 2627 366 2678 ad
386 2635 500 2680 mortem
522 2628 627 2694 adegit,
650 2628 774 2698 viditque

77 2722 126 2759 mr:
143 2704 318 2772 Cleopatrae,
329 2717 411 2772 quam
421 2707 557 2754 servatam
567 2701 706 2773 triumpho
716 2719 774 2758 ma·
