1822 3068
174 207 302 254 IULIUS
331 205 485 254 CAESAR.
521 208 732 256 camo-44.
812 207 846 259 23

80 345 124 383 rum
135 332 312 399 ingenuorum
326 330 399 381 inter
411 335 538 396 pastores
556 328 696 384 haberent.
732 332 846 386 Omnes·

81 420 120 472 qm
129 406 287 459 medicinam
301 398 407 457 Romae
420 403 562 471 professos
580 411 609 457 et
627 405 783 458 liberalium
802 422 846 459 ar-

79 480 129 533 tium
141 481 279 545 doctores,
300 495 356 547 quo
372 478 502 531 libentius
516 486 544 531 et
561 480 617 547 Ipsi
631 480 731 532 Urbem
744 482 846 535 intole-

80 561 130 618 rot
139 562 164 607 et
172 555 256 609 aeteri
266 559 439 622 appeterent,
461 554 573 606 civitate
587 555 710 606 donavit.
749 554 791 607 Do
800 572 846 623 po-

81 630 147 681 toriis
162 630 278 694 mutuis,
299 629 417 681 diderta
435 643 568 680 novarum
581 630 740 681 tabularum
753 644 847 697 exspe-

82 705 188 769 entem,
209 719 283 772 quaa
293 703 390 756 mabro
401 703 575 768 morabatur,
595 705 718 757 demerit
726 704 846 768 taudem,

79 784 102 828 ut
110 778 239 832 debitores
254 777 438 831 traditoribus
452 777 645 832 satisfacerent
656 795 706 847 per
719 780 847 832 aestima·

79 852 158 905 dorem
177 853 399 921 possessionum,
424 853 522 919 quanti
541 869 663 921 quasque
683 861 747 907 aute
767 854 848 907 civile

78 925 157 979 beilum
171 932 391 995 comparassent,
406 926 524 978 deducto
538 943 660 981 summae
670 931 743 981 aeris
753 929 848 992 alloni,

77 1001 161 1069 siquid
174 1017 278 1055 murae
290 1001 402 1054 uomina
415 1009 586 1053 numermum
604 1009 654 1054 aut
667 1005 848 1071 perscriptum

76 1073 164 1129 fuisset:
184 1092 241 1145 qua
256 1076 416 1129 conditione
430 1083 531 1142 quarta
543 1093 609 1144 pars
622 1077 679 1130 iere
694 1079 793 1133 crediti
802 1079 848 1131 do·

76 1152 171 1215 peribat.
207 1152 318 1203 Coum
338 1150 469 1216 collegia,
489 1158 599 1218 praeter
616 1154 769 1221 antiquiora
784 1168 848 1205 oon·

77 1225 163 1290 tituta,
174 1227 314 1279 distraxit.
334 1223 443 1276 Poenas
452 1225 606 1278 faeinomm
617 1229 708 1279 ararit:
728 1234 756 1280 et
766 1243 848 1296 quum

76 1297 206 1368 iompiotes
216 1315 250 1353 oo
261 1299 373 1351 facilins
383 1300 486 1352 scelere
495 1317 526 1352 se
540 1302 706 1370 obligarent,
723 1303 799 1371 quod
807 1304 848 1353 ln-

76 1376 142 1441 tegra
151 1375 328 1443 patrimoniis
338 1373 513 1438 exsulabant,
529 1378 696 1443 parricidas,
707 1386 740 1429 ut
749 1378 846 1431 Ciuaro

76 1450 165 1514 teribit,
179 1449 264 1502 bouis
275 1448 414 1512 omnibus,
428 1449 551 1516 reliquos
566 1448 682 1502 dimidia
692 1458 770 1522 parte
779 1452 848 1503 mul·

76 1525 136 1577 orit.

114 1598 212 1651 XLIII.
230 1598 278 1651 lus
293 1597 513 1649 laboriosissimo
528 1612 562 1648 ao
579 1598 750 1651 severissime
770 1599 849 1651 dixit.

76 1669 278 1741 Repetundarum
290 1673 431 1724 convictos
441 1671 524 1725 etiam
536 1671 633 1723 ordina
643 1672 783 1723 senatorio
792 1686 850 1723 mo-

76 1747 108 1799 rit.
142 1748 264 1801 Diremdt
273 1747 384 1812 nuptias
394 1746 529 1812 praetorii
538 1747 600 1809 riri,
612 1747 659 1814 qui
672 1746 822 1813 digressam
834 1761 851 1796 a

76 1825 155 1876 atrito
174 1828 241 1891 post
259 1820 373 1872 biduum
387 1821 482 1871 statim
497 1821 625 1885 drrxerat,
646 1820 772 1888 qrramvis
791 1820 850 1872 siue

76 1899 151 1960 miri
159 1895 329 1964 suspicione.
362 1894 573 1961 Peregrinarum
582 1898 713 1948 mercium
723 1896 850 1964 portoria

77 1973 184 2025 astiterit.
223 1970 400 2022 Leoticamm
408 1984 501 2034 usuri,
521 1971 587 2022 item
602 1969 796 2039 conchyliatae
804 1986 848 2024 re-

76 2046 143 2100 tiset
155 2045 384 2113 margaritarum,
404 2044 460 2095 nisi
473 2046 556 2095 tertis
570 2047 696 2114 persouIs
711 2053 739 2099 et
752 2048 849 2099 aetati·

77 2136 119 2188 ιιιι,
134 2136 239 2190 perque
249 2124 341 2170 certos
351 2118 423 2182 dies,
439 2118 551 2170 ademit.
590 2120 691 2189 legem
701 2124 849 2191 praecipue

77 2196 256 2264 nuptuariam
267 2193 398 2256 exaruit,
409 2193 554 2259 dispositis
564 2197 638 2248 eirca
648 2198 793 2250 macellum
803 2214 849 2249 eu·

77 2271 194 2335 indibus,
206 2268 257 2337 qui
267 2267 387 2319 obsonia
397 2274 493 2319 corma
504 2271 617 2322 vetitum
627 2273 787 2335 retinerent,
804 2270 849 2321 de-

78 2351 253 2412 ortarentque
263 2341 352 2405 adso,
373 2343 525 2395 summissis
539 2361 734 2415 nonuunquam
744 2344 849 2395 iictori-

77 2436 106 2472 ιιι
116 2428 200 2490 atque
210 2417 356 2479 militibus,
368 2417 428 2483 qui,
439 2418 465 2467 si
474 2432 530 2486 qua
540 2422 668 2473 eristodes
678 2419 849 2480 fefellissent,

77 2511 111 2547 ιιι
120 2495 255 2564 apposita
263 2507 281 2543 e
289 2490 411 2543 triclinio
424 2491 570 2547 auferrent.

109 2568 211 2622 XLIV.
235 2565 308 2619 Nam
333 2566 367 2617 de
392 2568 516 2619 ornanda
534 2568 748 2632 instmendaque
767 2565 849 2630 Urbe,

77 2660 119 2697 ern
129 2646 164 2697 de
174 2640 281 2696 tuendo
293 2640 508 2709 ampliandoque
516 2643 647 2710 Imperio,
658 2639 739 2707 plura
750 2655 783 2692 oe
791 2654 848 2692 ma-

77 2736 117 2773 rra
134 2720 167 2772 in
186 2718 248 2770 dies
270 2715 438 2769 dumetae
460 2715 697 2785 inprimislilartis
709 2716 851 2786 templum,
