1874 3060
194 189 471 242 VESPASIANUS.
506 194 584 242 GAP.
601 197 626 242 4.
644 199 667 244 ⁵.
783 191 834 248 2⁰8

34 314 179 385 prestun
188 324 299 382 quoque
310 312 463 385 [ciutates]
476 316 611 368 convertit
619 317 649 368 in
659 332 698 382 se,
709 327 834 372 cerream

32 389 131 443 stetim
146 395 300 441 castrorum
314 389 475 459 disciplina,
490 406 602 458 unoque
611 397 640 443 et
654 391 741 445 altera
752 409 831 461 proe-

32 463 75 517 lio
84 468 145 517 usn
154 468 312 515 constanter
320 464 405 528 inito,
420 470 452 515 ut
464 465 494 515 in
505 465 711 532 oppugnatione
725 467 833 519 castelli

34 536 233 607 lqaidisictmu
242 552 322 605 genu,
332 544 411 590 scuto
421 539 539 606 sagittas
549 539 657 608 eliquat
667 541 814 608 exceperit.

90 610 128 664 V.
146 610 217 663 Post
226 611 363 664 Neronem
374 611 559 680 Galbamque,
571 612 678 666 Othone
689 622 772 683 etque
781 614 830 666 Vi·

34 685 114 739 milia
124 685 326 755 deprincipatu
340 688 520 752 certantibus,
534 688 564 738 in
579 703 654 755 spem
668 689 778 754 imperii
786 704 831 740 ve·

34 760 85 825 nit,
94 761 153 813 lam
162 760 269 828 pridem
278 761 334 813 sibi
342 775 392 827 per
400 758 469 813 haec
479 767 588 814 ostenta
597 769 767 830 conceptam.
800 762 831 814 {n

35 834 195 887 namnam
213 833 374 887 Flauiorum
394 848 510 903 quercus
529 837 662 905 antiqua,
682 852 753 905 quae
771 843 832 889 erat

35 908 123 961 Marti
140 914 263 973 norma,
283 924 332 977 per
350 914 407 960 tres
415 908 567 974 Vespasiae
580 917 686 978 partus,
705 911 830 979 singulos

35 988 148 1053 repente
159 996 253 1036 ramos
268 998 285 1034 a
297 981 397 1035 frutice
412 982 502 1048 dedit,
516 981 590 1036 haud
604 985 689 1037 dubia
699 985 779 1053 signa
788 985 830 1037 fu·

35 1058 91 1111 turi
110 1057 245 1125 cuiusque
262 1055 333 1109 rae:
352 1057 479 1125 primum,
499 1058 599 1110 exilem
618 1065 646 1110 et
665 1060 721 1111 cito
741 1059 830 1110 areta·

35 1138 129 1195 utrm
147 1131 267 1199 ideoque
280 1131 374 1199 puelle
386 1138 453 1183 nata
466 1147 522 1183 non
536 1132 714 1199 perennavit:
735 1148 830 1184 secuu-

35 1205 114 1272 dum,
123 1204 313 1275 praevalidum
327 1220 360 1256 ec
369 1206 523 1272 prolixum,
533 1212 561 1258 et
571 1207 619 1275 qui
632 1220 759 1274 magnam
768 1205 829 1258 ieli-

34 1280 148 1334 duum
168 1278 360 1348 portenderet:
387 1281 499 1332 tertium
517 1296 583 1333 vero
602 1281 692 1333 instar
711 1281 829 1333 arboris.

35 1354 131 1419 Quare
148 1360 257 1421 mnam
275 1350 407 1405 Sabinum
429 1352 522 1406 ferunt
539 1353 698 1423 haruspicio
718 1356 831 1424 insuper

35 1428 227 1483 animuum
236 1426 412 1479 monuwa
420 1428 516 1491 metri,
526 1437 645 1494 nepotem
655 1429 681 1479 εἰ
690 1428 829 1481 Gaesarem

32 1501 175 1573 mser
193 1501 339 1554 accillum
360 1502 506 1568 quicquam
526 1501 603 1552 aliud
621 1516 703 1568 quarn
721 1501 829 1555 cachin-

33 1588 126 1641 um,
135 1576 295 1639 mirantem,
306 1575 382 1641 quod,
395 1574 621 1627 adhaerentem
631 1584 756 1641 compote,
767 1575 829 1626 deli·

33 1659 109 1704 roret
127 1649 183 1702 ianr
194 1648 272 1719 filias
290 1664 360 1701 saus.
398 1648 481 1712 Mox,
495 1661 579 1715 quum
592 1648 709 1700 εοὰἰίεπι
722 1665 784 1700 eum
799 1649 830 1700 G.

33 1722 829 1791 cam,sueeensenspreptercursnverrendisviisnon

33 1798 202 1863 amem,
218 1797 277 1850 luto
287 1798 415 1849 iussisset
424 1795 545 1864 oppleri,
560 1802 690 1864 congesto
701 1812 750 1864 per
759 1796 830 1847 mili·

33 1881 77 1929 ses
85 1874 117 1927 in
126 1878 286 1941 praetextae
295 1873 400 1936 sinum,
410 1887 466 1923 non
476 1870 630 1935 defuerunt,
641 1872 689 1940 qui
697 1871 830 1939 interpre-

34 1954 175 2012 tarentur,
185 1946 351 2015 quaudoque
361 1946 550 2012 proculcatam
561 1946 750 2013 desertamque
760 1961 829 1997 rem·

34 2022 175 2094 publicam
190 2021 266 2074 cirili
280 2021 375 2088 eliqua
388 2021 637 2089 perturbationem
646 2021 761 2073 tutelam
771 2021 830 2073 eius

35 2112 72 2151 ae
87 2096 165 2150 uelut
183 2097 213 2147 in
230 2096 364 2164 gremium
384 2095 569 2147 deventuram.
620 2096 777 2148 Prandente
795 2110 830 2148 eo

34 2170 188 2241 quendem,
198 2171 275 2222 cenis
286 2169 423 2221 muamus
431 2168 554 2221 triclinio
564 2185 674 2222 manum
684 2169 831 2220 humanam

33 2245 142 2310 mallit,
155 2258 320 2311 mensaeque
333 2243 459 2295 subiecit.
504 2244 643 2296 Coeuents
656 2258 763 2305 rursus,
778 2243 831 2292 bos

35 2325 141 2384 mater,
162 2319 278 2371 deomso
293 2319 370 2386 ingo,
389 2317 539 2369 triclinium
552 2318 660 2386 irrupit,
681 2330 715 2367 ac
727 2314 831 2381 firgetis

34 2394 184 2458 ministris,
199 2392 280 2462 quasi
293 2396 405 2459 repente
419 2390 555 2458 defessus,
570 2390 691 2460 procidit
704 2388 740 2440 ad
753 2388 831 2454 ipsos

36 2468 225 2521 accumbentis
238 2466 336 2536 pedes,
354 2467 540 2534 cervicemque
554 2464 700 2517 sunrmisit.
740 2462 831 2512 Arbor

35 2558 102 2597 rero
114 2556 260 2610 cupressus
273 2541 303 2592 in
318 2556 386 2608 agro
397 2542 472 2593 avito
483 2542 542 2593 sine
552 2539 611 2591 ulle
619 2538 648 2589 vi
659 2535 831 2604 tempestatis

34 2618 134 2671 erube
143 2616 278 2669 radicitus
289 2620 371 2684 etque
381 2622 533 2684 prostrata,
547 2611 702 2679 insequenti
712 2611 757 2662 die
766 2608 831 2660 viri-

34 2694 100 2749 dior
111 2708 146 2748 ac
155 2692 261 2746 munior
270 2690 429 2745 resurrexit.
466 2690 502 2740 At
514 2689 544 2741 tu
552 2685 658 2740 Achaia
670 2683 831 2748 somniavit,
