1874 3060
107 177 158 229 18⁰
381 179 408 224 C.
433 176 623 225 sumonn

107 317 168 355 rum
177 301 289 369 ingenia
299 299 447 367 superavit,
453 305 621 352 commentus
630 312 732 351 novum
739 298 905 353 balneariam

106 392 199 441 usum,
211 374 450 443 portentosissima
463 389 565 442 genera
574 375 699 425 ciborum
709 379 792 441 atque
802 389 902 428 coena-

106 465 182 512 rum3
201 455 233 500 nt
243 448 340 501 calidis
350 447 513 515 frigidisque
522 448 668 516 unguentis
678 448 829 514 lavaretur,
841 464 902 516 pre·

107 524 274 577 tiosissimas
293 523 458 589 margaritas
480 528 558 575 aceto
578 521 742 590 liquefactas
766 522 902 588 sorberet,

108 598 231 653 convivis
245 613 279 649 ex
294 612 362 648 auro
380 612 465 664 panes
486 603 513 648 et
533 597 649 649 obsonia
669 603 834 665 apponeret,
853 606 904 650 aut

100 672 186 746 frugi
198 671 328 724 loannem
342 687 395 722 esse
405 679 536 738 oportere,
547 672 685 735 dictitans,
696 670 899 724 autCaesareut.

109 748 183 809 Quin
201 752 365 798 et'nummos
378 761 433 796 non
448 746 594 797 mediocris
608 760 730 797 summae
749 762 764 797 e
783 745 899 816 fastigio

106 822 241 874 basilicae
259 819 346 872 Iuliae
366 835 414 888 per
428 819 537 887 aliquot
550 820 608 872 dies
622 820 725 887 sparsit
737 821 767 870 in
780 820 899 886 plebem.

106 895 268 947 Fabrioavit
280 900 308 946 et
322 893 431 946 deseres
445 894 623 958 Liburnicas,
643 895 787 962 gemmatis
800 896 899 963 puppi·

107 971 167 1034 bns,
178 968 392 1021 versicoloribus
401 969 482 1033 velis,
492 985 592 1037 magna
600 968 767 1021 thermarum
777 975 805 1021 et
813 970 902 1037 porti·

108 1060 189 1095 cuum
198 1049 226 1097 et
234 1043 419 1095 tricliniorum
428 1043 550 1108 laxitate,
556 1043 902 1112 magnaquoetiamvitium

108 1124 135 1170 et
148 1117 345 1186 pomiferarum
359 1119 488 1169 arborum
501 1118 647 1170 vametate:
668 1118 767 1184 quibus
782 1118 901 1170 ‹liscum-

106 1194 174 1245 bens
185 1192 218 1244 de
229 1193 273 1243 die
286 1193 358 1242 inter
373 1190 472 1243 choros
487 1207 520 1243 ac
533 1191 711 1259 symphonias
723 1192 811 1244 litora
821 1193 901 1243 (lam-

105 1267 206 1335 paniae
216 1272 382 1334 peragraret.
412 1267 443 1316 ln
454 1267 684 1318 exstructionibus
695 1267 900 1332 praetoriorum

106 1348 189 1408 atque
198 1340 337 1404 villarum,
359 1340 434 1392 omni
447 1341 555 1393 ratione
564 1338 736 1408 posthabita,
756 1339 828 1393 nihil
840 1346 898 1393 tam

106 1417 212 1467 efficere
223 1415 445 1481 concupiscebat,
466 1430 547 1482 quam
558 1414 632 1483 quod
642 1431 723 1483 posse
734 1415 807 1467 effici
815 1430 898 1483 nega-

104 1496 190 1542 retur.
227 1489 264 1541 Et
276 1489 366 1540 iactae
380 1491 474 1556 itaque
488 1490 575 1542 moles
589 1489 689 1541 infesto
705 1504 739 1540 ac
757 1488 897 1557 profundo

104 1564 335 1629 marietexoisae
344 1580 426 1630 rupes
436 1564 578 1616 durissimi
587 1564 811 1630 silicis,etoampi
819 1578 898 1617 mon-

104 1640 179 1692 tibus
194 1653 293 1706 aggere
307 1639 431 1706 aequati,
452 1645 480 1690 et
494 1639 668 1706 complanata
682 1638 800 1690 fossuris
818 1654 896 1691 mon-

105 1715 174 1765 tium
184 1714 258 1781 iuga,
269 1713 426 1764 incredibili
436 1711 543 1779 quidem
556 1713 702 1778 celeritate,
709 1728 792 1781 quum
801 1728 897 1766 morae

105 1789 187 1856 culpa
197 1788 287 1854 capite
296 1787 424 1839 lueretur.
461 1787 500 1838 Ac
509 1803 544 1839 ne
554 1788 663 1855 singula
672 1803 836 1852 enumerem,
846 1789 897 1841 im·

103 1877 212 1914 mensas
223 1877 289 1928 opes
300 1867 440 1929 totumque
453 1860 523 1912 illud
534 1862 641 1913 Tiberii
651 1862 791 1927 Caesaris,
811 1863 897 1915 vicies

104 1952 138 1987 ac
151 1936 252 2002 septies
261 1935 361 1987 millies
372 1935 539 2001 sestertium,
554 1952 610 1989 non
619 1942 680 1989 toto
690 1943 813 1989 vertente
823 1953 895 1990 anno

103 2010 264 2077 absumpsit.

157 2083 310 2137 XXXVlll.
330 2082 486 2138 Exhaustus
495 2087 581 2154 igitur
594 2092 675 2154 atque
689 2101 784 2153 egens,
805 2087 842 2138 ad
852 2102 896 2139 ra·

100 2159 181 2225 pines
192 2160 327 2212 convertit
336 2161 469 2226 animum,
489 2162 569 2213 vario
584 2167 612 2213 et
621 2161 838 2228 exquisitissimo
851 2177 896 2214 aa·

100 2234 267 2287 lumniarum
276 2241 304 2286 et
314 2236 472 2288 auctionum
482 2243 509 2288 et
518 2235 693 2304 vectigalium
702 2250 811 2302 genere.
841 2235 895 2288 Ne·

100 2309 197 2375 gabat,
217 2309 277 2361 iure
288 2310 425 2361 civitatem
436 2310 588 2363 Romanam
597 2325 731 2378 usurpare
742 2326 805 2376 eos,
826 2326 894 2380 quo·

100 2399 161 2434 rum
171 2383 291 2436 maiores
302 2384 356 2435 sibi
366 2385 538 2452 posterisque
549 2401 608 2437 eam
618 2387 824 2453 impetrassent,
839 2385 895 2436 nisi

100 2458 153 2509 filii
162 2465 264 2511 essent:
278 2474 366 2526 neque
376 2460 449 2511 enim
457 2460 576 2526 intelligi
586 2460 683 2511 debere
688 2468 810 2526 posteros
819 2459 895 2511 ultra

99 2528 172 2584 hunc
185 2533 313 2600 gradum:
338 2534 503 2601 prolataque
512 2532 647 2586 Divorum
657 2534 721 2585 lulii
735 2541 763 2586 et
776 2534 895 2602 Augusti

101 2606 260 2673 diplomata,
271 2613 303 2658 ut
312 2614 405 2659 vetera
414 2616 442 2659 ot
452 2608 586 2673 obsoleta,
598 2609 715 2661 delebat.
752 2608 895 2677 Arguebat

96 2687 279 2750 etperperam
289 2682 380 2734 editos
392 2697 501 2749 cenam,
512 2684 612 2754 quibus
621 2689 719 2751 postea
730 2698 894 2755 quacunque
