1822 3068
249 176 446 224 CALIGULA.
482 177 560 224 CAP.
578 179 693 225 29-33.
816 179 868 229 177

91 302 136 366 des,
145 300 255 367 famem,
265 301 463 370 pestilentiam,
478 300 617 365 incendia,
632 299 736 352 hiatum
747 302 866 372 aliquem

89 384 163 429 terrae
175 377 297 445 optabat.

131 485 243 537 XXXII.
262 485 388 537 Animum
400 499 508 552 quoque
523 482 684 547 remittenti,
704 484 824 552 ludoque
839 494 866 538 et

88 560 162 627 epulis
172 560 279 624 dedito,
295 559 389 611 eadem
405 558 540 609 dictorum
549 557 739 625 factorumque
749 560 866 612 saevitia

88 634 178 687 aderat.
217 632 305 702 Saepe
319 634 349 685 in
364 638 512 701 conspectu
525 632 684 699 prandentis
702 633 746 684 vel
766 636 864 685 comis-

87 709 161 760 santis
173 708 262 761 seriae
277 708 451 777 quaestiones
466 722 514 774 per
526 713 663 759 tormenta
682 705 862 760 habebantur.

86 780 154 835 liiles
163 782 320 837 decollandi
330 781 430 834 artifex
440 781 645 848 quibuscunque
655 798 670 834 e
681 784 808 835 custodia
818 799 862 835 ca-

86 857 133 924 pita
142 858 310 926 amputabat.
344 855 476 920 Puteolis,
488 854 660 908 dedicatione
670 857 770 924 pontis,
782 874 862 926 quem

87 933 258 1000 excogitatum
270 932 304 982 ab
315 947 347 983 eo
359 930 572 998 significavimus
576 969 585 995 ,
600 946 682 998 quum
692 933 793 984 multos
804 949 819 984 e
829 932 862 984 li·

87 1011 135 1058 tora
147 1007 291 1058 invitasset
305 1006 341 1057 ad
354 1021 396 1069 se,
416 1011 527 1074 repente
547 1021 639 1056 omnes
659 1008 861 1074 praecipitavit.

88 1079 223 1145 Quosdam,
229 1080 415 1148 gubernacula
425 1076 664 1148 apprehendentes,
672 1081 759 1131 contis
769 1083 862 1133 remis·

88 1169 129 1222 que
138 1156 253 1208 danusit
262 1155 291 1206 in
301 1170 384 1206 mare.
418 1154 522 1206 Romae
532 1155 642 1222 publico
655 1154 734 1220 epulo
746 1171 861 1219 servum,

88 1229 116 1279 ob
132 1230 281 1282 detractam
301 1229 379 1281 lectis
399 1237 554 1296 argenteam
574 1229 717 1293 laminam,
740 1230 863 1281 carnifici

87 1303 215 1357 confestim
224 1302 353 1368 tradidit,
368 1310 410 1367 nt,
430 1304 556 1355 manibus
567 1305 696 1354 abscissis
706 1310 788 1373 atque
799 1311 861 1356 ante

85 1379 275 1442 pectusculo
292 1377 483 1445 pendentibus,
503 1377 682 1444 praecedente
696 1378 791 1444 titulo,
812 1381 860 1447 qui

86 1465 181 1506 ursam
191 1468 299 1522 poenae
308 1453 454 1516 indicaret,
466 1467 514 1520 per
525 1459 618 1503 coctus
629 1451 797 1518 epulantium
809 1455 860 1504 cir·

86 1528 287 1580 abduceretur.
325 1527 521 1578 Mirmillonem
533 1542 547 1576 e
557 1525 633 1587 ludo,
644 1525 757 1577 rudibus
768 1543 859 1579 secum

85 1598 225 1655 brtnentem
236 1608 264 1654 et
273 1607 369 1669 sponte
380 1607 557 1670 prostratum,
563 1598 687 1650 confodit
694 1598 783 1651 ferrea
792 1602 860 1665 sica,

86 1688 111 1726 ac
120 1693 194 1730 more
207 1677 344 1729 victorum
359 1693 419 1728 cum
430 1676 522 1744 palmo
533 1673 704 1725 discucurrit.
742 1674 861 1726 Admota

86 1748 206 1805 daubus
216 1752 342 1816 victima,
357 1752 511 1803 succinctus
521 1763 656 1818 poparum
665 1745 775 1813 habitu,
787 1748 859 1801 elato

85 1822 250 1891 tltemalleo,
271 1826 429 1877 cultrarium
444 1825 582 1877 mactavit.
620 1821 753 1875 Lautiore
769 1825 860 1876 couvi-

83 1898 118 1953 rio
127 1900 230 1954 effusus
241 1900 332 1952 subito
344 1901 373 1951 in
384 1898 540 1964 cachinnos,
547 1898 714 1963 consulibus,
726 1899 774 1966 qui
782 1899 861 1951 irrxta

83 1974 221 2040 abaham,
247 1974 376 2044 quidnam
399 1975 514 2040 rideret,
538 1973 638 2025 blande
658 1975 859 2040 quaerentibus,

84 2045 152 2115 Quid,
163 2050 267 2118 inquit,
279 2048 332 2101 uiri
339 2065 391 2101 uno
401 2065 457 2103 meo
467 2059 533 2102 nutu
543 2047 662 2118 iugulari
670 2057 808 2118 utrumque
818 2067 859 2102 ve·

80 2124 352 2192 errumstatimpoues

123 2241 251 2294 xxxin.
271 2241 344 2292 lnter
358 2239 452 2292 varios
470 2237 562 2303 iocos,
584 2254 667 2306 quum
681 2239 812 2290 assistens
823 2241 859 2288 si-

76 2316 191 2369 mulacro
202 2316 277 2367 loris
286 2314 408 2382 Apellem
418 2313 580 2380 tragoedum
592 2312 787 2374 consuluisset,
798 2317 860 2363 uter

76 2385 111 2441 illi
129 2391 220 2443 maior
239 2390 390 2453 videretur,
412 2394 580 2440 cunctantem
601 2386 717 2454 flagellis
732 2384 857 2448 discidlt;

76 2465 231 2518 robaudans
241 2464 356 2517 subinde
365 2478 460 2516 vocem
476 2462 659 2530 deprecantis,
681 2459 761 2526 quasi
775 2457 858 2509 etiam

76 2535 210 2608 'urgemitu
219 2539 402 2607 praedulcem.
441 2539 555 2599 Quoties
566 2535 661 2586 uxoris
670 2533 714 2585 vel
724 2532 858 2584 amiculae

76 2615 169 2667 bollum
180 2615 395 2678 exoscularetur,
407 2613 539 2675 addebat,
554 2608 621 2661 Tam
631 2608 699 2659 bona
709 2605 808 2669 ceruix,
823 2607 858 2658 si-

76 2692 152 2743 uulrsc
162 2690 275 2754 iussos,
290 2690 440 2742 denotetur.
481 2686 554 2748 Quin
565 2690 592 2736 et
601 2681 716 2735 subinde
726 2680 858 2748 iactabat,

101 2785 261 2835 scurcu-
627 2776 659 2823 ui
