1874 3060
74 154 123 206 idi
348 156 377 202 C.
400 152 593 203 SUE'I'ONll

74 280 163 346 siqua
174 277 253 345 paria
263 276 373 345 longius
384 275 603 339 recessissentin
613 273 732 327 medium
742 272 858 328 manihn

74 354 133 405 suis
147 350 320 419 protrahens.
359 350 555 402 Destinaverat
567 349 662 413 etiam,
684 349 750 417 quia
764 349 858 417 Apolli

72 442 134 478 nem
150 432 244 489 cantu,
260 424 351 477 Solem
367 424 520 493 aurigando
536 423 715 491 aequiparare
731 424 858 476 existima

71 506 159 563 retur,
179 500 285 550 imitari
304 505 331 550 et
344 500 473 550 ilercniis
491 498 576 549 iacta.
614 496 858 565 Praeparatumqnt

72 575 180 625 leonem
191 575 276 636 aiunt,
283 588 362 640 quem
372 573 416 624 vcl
427 572 553 624 clavavel
562 569 740 623 brachiorum
750 572 858 625 nexibni

72 645 858 716 iuamphitheatriarenaspectantepopulonuduselidarat

128 720 201 771 ΒΝ.
222 720 278 772 Sub
289 722 365 772 exitu
375 722 485 788 quidem
498 722 573 772 vitae
587 720 679 788 palam
692 726 822 786 vosmet,
842 723 858 772 s]

72 796 127 846 sihi
141 795 289 846 incolumia
308 801 397 846 statiis
416 795 623 862 permansisset,
643 794 858 862 proditnmmst

72 870 312 935 partaevictoriae
322 868 409 933 ludis,
423 871 506 921 etiam
517 866 694 936 hydraulam,
713 874 743 920 et
752 867 858 922 choran

72 944 140 1007 lam,
161 943 402 1007 etutricularinm,
424 959 457 994 ac
471 943 621 995 novissimo
637 943 682 995 dia
695 941 857 996 histrionem

73 1017 291 1083 saltaturumque
308 1017 421 1084 Virgilii
436 1019 568 1068 Turnum.
606 1016 643 1069 Et
662 1022 727 1068 sunt
745 1018 795 1085 qui
813 1023 858 1069 tra

75 1091 151 1156 dant,
167 1090 294 1143 Paridem
305 1090 465 1144 histrionem
477 1092 598 1144 occisum
609 1091 643 1142 ab
654 1107 701 1156 eo,
717 1092 799 1163 qnasi
808 1104 858 1161 gra

72 1180 132 1217 rem
143 1165 339 1216 adversarium.

128 1238 188 1290 LV.
208 1238 277 1289 Erat
295 1239 339 1289 illi
359 1239 530 1291 aeternitatis
553 1244 756 1307 perpetuaeque
779 1238 858 1290 iamai

73 1312 184 1380 cupido,
196 1312 243 1363 sed
253 1313 419 1365 inconsulta.
458 1313 578 1381 ideoque
587 1314 682 1365 multis
692 1314 776 1366 rebus
786 1328 820 1366 ac
829 1313 858 1365 io

74 1388 128 1450 cis,
146 1392 238 1438 vetere
249 1388 435 1454 appellatione
446 1388 582 1452 detracta,
602 1403 702 1439 novam
717 1388 828 1439 induxit
836 1402 857 1439 e:

74 1476 125 1513 suo
145 1462 265 1514 nominc.
303 1462 425 1513 Mensem
451 1478 561 1531 qnoque
579 1462 699 1531 Aprilem
720 1460 852 1514 Neronem

75 1535 233 1604 appellavit.
268 1536 462 1607 Destinaverat
475 1535 627 1587 etRomam
638 1534 790 1604 Neropolim
803 1551 848 1587 nur

75 1624 185 1676 cupare.

131 1682 204 1734 nvi.
215 1682 389 1751 Religionum
399 1699 596 1752 usquequaque
606 1689 788 1753 contemptor,
793 1698 838 1751 pre

74 1763 118 1809 ter
136 1758 217 1808 unius
237 1758 306 1809 deae
320 1757 427 1825 Syriae.
466 1758 548 1809 lianc
567 1772 632 1809 mox
651 1759 693 1809 ita
706 1759 823 1826 sprevit,

75 1832 158 1883 urina
168 1833 375 1896 contaminaret,
387 1832 444 1883 alia
454 1833 650 1900 superstitione
661 1840 767 1900 captus,
777 1833 808 1883 in
819 1848 828 1883 r

77 1906 139 1957 sola
161 1907 380 1973 pertinacissime
404 1904 502 1958 haesit.
546 1906 687 1974 Siquidem
715 1906 825 1958 icnncui

76 1979 238 2046 puellarem
260 1995 342 2047 quum
357 1981 438 2047 quasi
450 1981 600 2032 remedium
614 1980 779 2031 insidiarum
791 1994 819 2032 a

76 2054 141 2105 heio
158 2054 278 2120 quodam
293 2060 322 2106 et
338 2056 435 2121 ignoto
451 2055 558 2106 muneri
578 2056 743 2123 accepisset,
766 2054 814 2106 det

79 2126 223 2180 confestim
234 2128 433 2193 coniuratione,
439 2144 490 2196 pro
501 2144 607 2181 summo
618 2130 728 2180 numine
738 2129 807 2180 trini

77 2202 107 2253 in
127 2201 173 2252 die
196 2203 342 2255 sacrificiis
367 2203 457 2255 colere
480 2205 679 2269 perseveravit:
708 2203 805 2255 voieha

80 2276 162 2340 credi,
173 2277 326 2328 monitione
336 2277 396 2329 eins
405 2277 499 2328 futura
508 2291 698 2343 praenoscere.
728 2278 799 2330 Ante

81 2366 128 2402 cos
140 2366 221 2417 quam
235 2352 339 2418 periret
351 2367 458 2404 menses
474 2352 591 2403 attendit
604 2359 632 2404 et
645 2352 794 2420 extispicio

79 2440 198 2490 unquam
210 2425 308 2477 litavit.

136 2497 221 2550 LVil.
242 2499 319 2551 Obiit
330 2501 470 2552 tricesimo
495 2505 524 2550 et
541 2499 660 2552 secundo
672 2501 774 2552 aetatis

81 2572 134 2637 die,
146 2587 201 2641 qno
212 2574 350 2643 quondam
361 2574 505 2625 Octaviam
514 2574 703 2627 interemerat:
714 2581 781 2626 tant

63 2648 207 2711 gaudium
214 2648 330 2720 publice
339 2648 482 2724 praebuit,
489 2654 523 2700 ut
530 2649 608 2720 plebs
618 2648 723 2718 pilenta
732 2655 776 2702 tot
