1874 3060
125 219 171 267 DE
190 220 304 268 GLARlS
320 220 536 270 nunnonmus.
679 215 729 271 361

48 380 51 404 ,
66 345 212 411 proposita
227 345 427 409 controversia,
442 343 539 396 sedens
553 342 687 412 incipere,
703 350 731 396 et

51 417 158 469 demum
181 424 325 486 provectus
346 433 510 485 consurgere
529 432 564 468 uo
580 431 730 483 perorares

48 507 94 543 are
109 498 200 543 autem
217 508 315 560 genere
327 493 420 557 vario,
435 492 518 544 modo
534 490 676 560 splendide
690 499 730 543 ut-

50 574 164 617 oruate=
187 572 258 631 tum,
280 583 315 620 ne
334 582 530 635 usquequaque
549 563 731 619 scholasticus

49 646 150 704 aretur,
162 641 320 694 circumcise
331 657 363 693 ac
373 641 492 706 sordide,
503 646 532 692 et
539 639 730 692 tantummodo

48 716 95 766 bus
114 715 214 766 verbis.
252 715 318 782 ln'git
332 722 359 767 et
373 731 497 780 caussas,
517 731 611 767 verum
630 715 730 778 rarius,

48 789 215 856 nplissimam
230 805 365 858 quamquo
379 796 512 855 sectatur,
532 805 583 842 nec
597 789 682 840 ulium
700 789 732 840 in

49 879 121 927 cum,
142 879 224 930 quam
244 864 401 931 perorandi.
439 864 541 916 Postea
559 863 731 916 renunciavit

49 938 130 988 artim
144 937 262 1004 pudore,
278 938 377 1005 partim
389 944 469 989 metu.
508 937 578 1002 Nam
590 953 686 1006 quum,
700 938 731 988 in

48 1011 120 1062 idam
139 1012 339 1076 centumvirali,
357 1011 527 1077 adversario,
543 1027 623 1079 quem
635 1017 668 1063 ut
679 1012 730 1063 im-

48 1101 98 1153 rga
115 1092 242 1153 parentes
258 1087 427 1151 incessauat,
447 1086 636 1138 iusiurandum
650 1086 731 1153 quasi

48 1176 111 1211 uam
121 1161 163 1212 sic
173 1161 335 1214 obtulissetz
354 1159 420 1212 iura
430 1177 480 1228 per
489 1159 577 1228 putris
585 1159 733 1227 matrisque,

48 1271 51 1291 ,
64 1233 110 1300 qui
121 1234 251 1287 inconditi
263 1236 361 1297 lacent,
378 1241 406 1288 et
415 1236 471 1286 ulia
480 1236 510 1287 iu
518 1234 591 1287 hunc
598 1234 729 1289 modum:

48 1315 88 1361 ute
97 1325 130 1361 eo
143 1310 341 1374 conditionem,
352 1326 403 1362 nec
411 1310 550 1362 iudicibus
561 1308 731 1378 aspernanti·

48 1399 74 1434 m
93 1384 152 1435 sinc
172 1399 271 1450 magna
289 1385 333 1435 sui
349 1385 456 1435 invidia
469 1385 608 1452 negotium
623 1382 730 1435 afflixit.

48 1473 83 1508 us
96 1458 126 1508 in
141 1459 298 1524 cognitione
313 1457 417 1522 caedis,
431 1457 597 1522 Mediolani,
609 1458 683 1526 apud
695 1457 730 1509 L.

48 1549 75 1596 n,
87 1533 287 1599 proconsulem,
299 1531 446 1584 defendens
456 1547 541 1596 rcum,
552 1547 643 1598 quum,
655 1529 730 1583 cohi·

48 1613 126 1659 ‚ctum
136 1608 235 1658 niruias
245 1607 414 1658 laudantium
424 1607 561 1669 voces‚ita
571 1603 731 1656 eucunlluis·¹

48 1681 182 1748 leplorato
187 1681 285 1733 ltaliae
295 1686 377 1744 statu,
386 1681 465 1748 quasi
472 1681 570 1731 iterum
578 1678 730 1730 informem

48 1756 98 1807 :iae
108 1756 285 1822 redigeretur,
295 1755 420 1806 Marcum
429 1756 540 1820 iusuper
548 1753 672 1818 Brutum,
684 1769 729 1804 cu-

48 1846 89 1881 ua
103 1831 133 1880 in
148 1836 295 1898 conspectu
309 1834 379 1894 erat,
390 1830 543 1893 invocaret,
553 1828 644 1896 legum
654 1843 687 1879 ac
696 1828 729 1878 li-

48 1922 54 1955 ι
74 1911 213 1957 auctorem
233 1911 260 1957 et
277 1905 425 1969 vindicem,
446 1918 533 1971 paene
550 1917 653 1970 poenas
668 1902 729 1952 luit.

48 1985 108 2031 rtem
127 1979 239 2044 senior,
264 1981 300 2031 ob
320 1979 417 2031 vitium
436 1979 561 2030 vomicae
579 1977 729 2030 Novariam

66 2059 272 2121 convocataque
285 2053 376 2120 plebe,
398 2055 514 2118 caussis,
534 2057 647 2119 propter
661 2066 730 2118 quas

48 2128 201 2246 eqtinlqsset,
217 2127 265 2178 diu
275 2142 309 2178 ac
320 2141 398 2179 moro
408 2128 596 2181 concionantis
605 2126 729 2189 redditis,

48 2211 59 2245 r
86 2210 110 2245 cr
132 2210 157 2245 o.

187 2277 338 2348 (Reliqua
355 2283 492 2348 desunt.)

221 2496 447 2523 --aewoe-m-
