1822 3068
279 187 405 236 TITUS.
440 187 518 234 GAl’.
536 191 635 235 8-10.
806 189 856 243 321

66 312 143 367 lluos
152 310 266 380 patricii
274 310 383 378 generis
393 310 535 365 convictos
544 312 575 362 in
585 310 762 366 affectatione
770 313 856 381 impe-

63 389 106 453 rii,
115 384 189 439 nibil
199 385 317 452 amplius
329 399 411 453 quam
419 390 452 435 ut
462 385 623 438 desisterent
632 387 746 451 nronuit,
753 387 855 452 dicens,

60 458 310 531 psinu'psatamsoto
321 456 394 509 uri:
416 457 441 509 εἰ
450 458 658 527 qailproeterea
668 460 854 524 desiderarent,

63 536 226 604 promittens
245 549 272 584 se
291 531 466 584 tributurum.-
489 539 518 585 et
537 533 680 586 confestim
696 534 805 600 quidem
820 535 856 586 ad

65 610 178 663 alterlm
187 613 316 670 matrem,
337 621 408 675 quae
417 607 515 673 procul
524 609 632 673 aberat,
653 623 779 660 cursores
789 623 855 660 suos

63 684 150 748 nisit,
171 682 220 750 qui
234 681 333 733 anxiae
347 680 434 731 lilium
447 680 553 733 salvum
570 683 739 735 nunciarent.
779 683 856 735 Cete-

64 758 211 825 turnipsos
219 769 277 807 non
286 753 377 806 solum
386 753 521 807 familiari
531 771 633 809 menae
648 755 786 821 adhibuit,
806 757 855 808 sed

65 829 256 899 &insequenti
270 829 315 880 die
329 826 515 895 gladiatorum
529 831 686 896 spectaculo
698 831 773 883 circa
781 846 811 883 sc
821 845 856 882 ex

64 904 201 957 industria
210 902 367 966 collocatis,
388 901 483 954 oblata
497 903 551 954 sibi
560 903 725 957 ferramenta
734 919 855 973 pugnan-

65 980 132 1031 tium
147 976 322 1043 inspicienda
335 977 467 1042 porrexit.
505 975 615 1029 Dicitur
629 979 724 1043 etiam,
744 980 856 1047 cognita

66 1054 207 1120 mensque
216 1050 355 1118 genitura,
372 1048 507 1101 imminere
521 1051 644 1102 atelebus
653 1051 801 1118 periculum
815 1052 855 1103 af-

66 1126 201 1190 maesse,
221 1139 310 1175 oerum
321 1123 486 1191 quandoque,
507 1124 575 1176 etcb
586 1124 656 1187 alio5
674 1126 855 1178 sicutevenit.

66 1200 197 1263 huam,
208 1197 336 1249 insidiari
346 1198 401 1248 sibi
410 1214 465 1249 non
476 1198 656 1264 desinentem,
667 1200 714 1251 sed
725 1215 812 1267 paene
822 1214 856 1251 ex

66 1274 191 1342 professo
202 1272 396 1323 sollicitantem
407 1273 555 1337 exercitus,
566 1274 742 1326 meditantem
752 1273 855 1341 fugam,

66 1362 112 1401 acc
121 1346 251 1401 occidere
260 1360 349 1413 neque
359 1361 491 1412 seponere
502 1363 534 1398 ac
543 1363 577 1398 ue
587 1349 617 1398 in
627 1348 733 1400 minore
744 1349 854 1415 qnidam

67 1418 169 1476 bonore
179 1418 280 1472 habere
290 1420 434 1471 sustinuit:
449 1420 506 1484 scd,
515 1426 547 1471 ut
557 1436 574 1470 a
583 1422 672 1488 primo
682 1422 792 1489 imperii
801 1422 855 1485 die,

66 1500 222 1553 consortem
232 1508 471 1561 successoremque
480 1495 577 1544 testari
586 1496 777 1560 perseveravit,
788 1511 856 1547 non-

64 1582 205 1639 mquam
215 1572 320 1620 secreto
331 1567 452 1618 lacrimis
462 1574 490 1618 et
498 1568 625 1635 precibus
640 1583 736 1632 orans,
756 1576 788 1619 ut
797 1576 855 1620 tau·

63 1645 120 1698 less
129 1650 223 1695 mutato
234 1656 300 1711 erga
309 1657 336 1692 se
346 1640 434 1693 animo
443 1642 519 1693 vellet
528 1657 589 1692 esse.

115 1718 154 1770 X.
175 1716 250 1767 Inter
258 1713 328 1766 haec
336 1722 425 1768 morte
439 1721 602 1782 praeventus
617 1721 671 1778 est,
691 1716 797 1766 maiore
807 1713 856 1767 ho·

61 1794 168 1845 minum
179 1790 290 1854 damno,
301 1803 383 1857 qnam
393 1804 454 1840 suo.
492 1789 662 1856 Spectaculis
673 1790 817 1853 absolutis,
827 1791 857 1840 in

60 1880 183 1937 qnorum
193 1864 246 1915 line
256 1863 360 1931 populo
372 1878 465 1915 coram
474 1863 593 1914 ubertim
602 1862 726 1927 fleverat,
738 1862 857 1916 Sabinos

58 1942 133 2011 petit
144 1938 288 2007 aliquanto
299 1938 419 2002 tristior,
440 1937 515 2007 quod
530 1938 698 1989 sacrificanti
706 1935 800 1990 hostia
810 1953 857 1989 au·

57 2014 183 2083 ingerat,
190 2011 318 2079 quodque
327 2017 487 2078 tempestate
497 2027 594 2064 serena
602 2017 739 2065 tenuerat.
750 2012 857 2065 Deinde

57 2090 183 2161 primam
193 2086 286 2137 statim
297 2085 332 2135 ad
346 2086 515 2136 mansionem
529 2086 627 2137 febrim
641 2093 751 2152 nucttrs,
773 2103 857 2155 quum

57 2164 129 2217 inde
138 2160 240 2213 lectica
247 2158 455 2222 uanslerretur,
467 2161 622 2225 suspexisse
632 2161 734 2213 dicitur
744 2162 857 2213 dimotis

57 2234 187 2307 plagulis
202 2234 321 2297 coelum,
341 2232 510 2302 multumque
528 2241 706 2303 conquestus,
727 2234 795 2301 eripi
808 2233 860 2284 sios·

57 2312 146 2365 vitam
160 2306 310 2360 immerenti
314 2324 322 2356 .·
342 2306 506 2373 nequeenim
521 2318 624 2361 exstare
637 2310 717 2358 ullum
730 2306 857 2378 suumsa·

60 2394 137 2439 ctam
146 2381 347 2451 poenitendum,
369 2389 475 2448 excepto
490 2382 622 2434 duntaxat
634 2397 693 2432 uno.
731 2380 763 2431 ld
778 2381 858 2447 quale

60 2458 162 2523 inerit,
182 2473 271 2526 neque
281 2455 340 2523 ipse
349 2460 415 2506 tunc
424 2456 560 2522 prodidit,
578 2470 666 2522 neque
681 2454 807 2521 cuiquam
818 2453 858 2504 l'a-

62 2532 282 2587 cllosuccurrat.
321 2528 439 2590 Quidam
455 2531 614 2596 opinantur,
635 2528 857 2580 consuetudinem

61 2606 254 2669 recordatum,
266 2618 348 2671 quam
359 2619 420 2655 cum
430 2603 524 2656 fratris
534 2619 621 2655 uxore
631 2601 766 2653 habuerit.
805 2600 859 2653 Sed

61 2682 170 2735 nubam
184 2679 327 2743 habuisse,
347 2685 490 2745 persancte
504 2678 630 2732 Domitia
643 2676 766 2742 iurabat,
785 2673 859 2727 haud

97 2774 247 2823 scaros.
630 2769 656 2815 x
