1874 3060
115 195 166 247 128
395 198 422 243 C.
446 196 630 244 SUETONH

116 326 223 385 senatu,
233 316 419 389 inchoataque
429 319 612 383 allocutione,
623 317 768 387 derepente
776 316 853 369 velut
862 318 912 370 im·

116 410 168 465 par
178 394 272 446 dolori
282 394 446 461 congemuit,
455 400 541 460 utque
550 408 606 445 non
617 392 707 444 solum
716 392 835 457 sox,sed
844 398 913 444 utet

117 469 231 537 spiritus
247 468 387 531 deiiceret,
409 469 528 535 optavit,
550 482 582 519 ac
596 466 790 535 perlegendum
809 465 911 518 librum

115 543 208 595 Druso
223 542 282 594 tilio
295 541 420 594 tradidit.
458 542 569 593 illatum
584 541 683 592 deinde
696 541 814 608 Augusti
825 546 910 593 testa·

115 623 248 682 mentum,
269 630 324 668 non
344 615 475 667 admissio
493 615 682 683 signatoribus
700 615 755 666 nisi
774 615 910 667 senatorii

116 692 234 755 ordinis,
255 688 353 742 ceteris
368 694 447 741 extra
465 691 570 741 coriam
587 690 666 756 signa
685 689 907 757 agnoscentibus,

114 767 242 818 recitavit
251 780 300 832 per
310 764 447 815 libertum.
459 764 629 816 Testamenti
638 764 747 814 initium
758 762 824 813 init:
838 762 908 827 Qus·

113 840 187 892 niam
197 837 426 909 sinistrsfortsoa
438 836 532 889 Gaiam
545 846 574 889 et
581 836 772 906 Locistsflb‘os
780 835 850 888 mibi
858 836 908 888 ιη’-

109 913 180 983 puit,
195 910 421 964 iiber-iescam
430 911 497 963 mitt
506 920 624 978 exparte
633 911 743 962 dimidia
752 918 908 963 etsestosts

114 987 266 1039 insecuto.
307 986 369 1048 Quo
384 991 414 1038 st
425 987 488 1054 ipso
504 992 586 1037 aucta
599 991 641 1037 est
654 985 776 1054 suspicio
792 986 907 1053 opinan-

113 1063 195 1127 tium,
216 1075 403 1113 successorem
424 1061 540 1111 ascitum
560 1075 621 1111 enm
640 1059 805 1111 necessitato
818 1060 907 1128 ineps

113 1152 195 1206 quam
206 1136 320 1198 iudicio,
333 1134 443 1204 quando
453 1135 494 1186 ita
504 1133 626 1201 praefari
634 1148 691 1185 non
702 1133 874 1185 abstinuerit.

168 1208 270 1260 XXIV.
290 1208 490 1276 Principem,
515 1209 640 1275 quamvis
663 1223 751 1276 nequa
770 1222 906 1276 occupare

112 1290 207 1351 aperte
218 1280 362 1334 confestim
371 1296 461 1352 neque
471 1296 552 1350 agere
563 1282 728 1346 dubitasset,
748 1288 778 1333 et
785 1282 906 1334 statium

111 1356 239 1422 militum,
250 1354 304 1408 boo
313 1357 399 1421 est,vi
407 1364 436 1408 et
445 1357 537 1424 specie
546 1357 744 1408 dominationis
755 1362 905 1424 assumpta,

112 1432 162 1483 diu
169 1436 262 1483 tamen
272 1431 410 1483 recusavit
418 1430 656 1498 impudentissimo
667 1431 765 1495 miroo,
775 1445 850 1482 nunc
859 1430 906 1481 ad·

112 1504 255 1557 hortantes
266 1505 370 1556 amicos
379 1507 570 1573 increpans,ut
578 1505 700 1572 ignaros,
705 1504 906 1572 quantabsiiua

112 1586 185 1632 osset
193 1580 351 1648 imperium3
361 1594 434 1631 nunc
442 1585 598 1647 precantem
608 1584 732 1631 senatum
742 1584 906 1646 etprocnst·

111 1655 219 1707 beutem
236 1654 291 1705 sibi
306 1653 342 1704 ad
354 1667 444 1720 genua
458 1653 594 1720 ambiguis
608 1652 748 1720 responsis
761 1659 790 1705 et
803 1652 906 1705 callida

113 1729 288 1780 cunctatione
298 1726 478 1793 suspendenn
496 1732 530 1778 nt
539 1726 650 1794 quidam
661 1727 825 1794 patientiam
833 1742 905 1779 rnn-

110 1809 215 1869 perent,
227 1807 310 1868 atque
320 1800 430 1851 neusin
438 1799 558 1851 tumultu
567 1800 763 1867 proclamaret,
772 1800 831 1853 Ast
838 1808 907 1871 sgst

110 1874 291 1936 ostdess'stst,
308 1873 379 1925 alter
389 1888 481 1925 coram
492 1874 684 1942 exprobraret,
701 1873 821 1938 Ceteros,
836 1874 907 1942 quod

105 1948 221 2017 polliciti
229 1948 290 2010 sint,
303 1948 379 1999 tarde
384 1956 531 2015 praestare,
543 1948 589 1999 sed
597 1948 689 2016 ipsam,
701 1949 903 2016 quodproestet,

110 2022 186 2074 tarde
195 2021 325 2088 polliceri.
364 2022 487 2073 Tandem
502 2024 583 2090 quasi
600 2029 727 2088 coactus,
746 2029 775 2077 et
789 2038 904 2092 querens

109 2096 232 2148 miseram
247 2105 275 2147 st
287 2112 422 2148 onerosam
434 2095 543 2166 iniungi
555 2097 606 2149 sits·
617 2096 780 2160 κηώεντα,
799 2098 906 2165 recepit

109 2170 263 2238 imperium,
273 2186 325 2223 nec
332 2177 425 2223 tamen
436 2172 529 2236 aliter,
540 2186 623 2240 quam
632 2177 665 2223 nt
674 2172 865 2239 depositurum
874 2186 904 2223 ss

110 2245 276 2313 quandoque
296 2261 371 2313 spem
391 2245 503 2298 iaceret.
534 2246 632 2313 ipsius
645 2246 730 2298 rerba
744 2252 810 2298 sunt
822 2244 903 2298 base:

109 2317 183 2370 Dum
192 2319 295 2371 semum
304 2320 342 2371 sd
348 2320 379 2370 id
387 2328 499 2386 tempus,
511 2335 562 2386 qao
572 2320 643 2371 oobs's
652 2319 902 2387 seqmsmposss'tos’·

109 2393 175 2457 deri,
187 2394 250 2445 dore
259 2410 304 2446 sos
314 2394 431 2460 stipam
440 2394 570 2445 senectuti
578 2410 651 2446 meos
660 2394 786 2460 repetem.

163 2466 252 2519 XXV.
273 2467 427 2518 Cunctandi
440 2482 525 2519 cansa
543 2475 604 2520 erat
615 2474 704 2521 metus
717 2469 841 2536 undique
853 2469 902 2521 irn-

107 2542 269 2594 minentinm
278 2542 481 2607 discriminum,
500 2548 532 2594 ut
544 2558 639 2610 saepe,
658 2542 902 2611 tammum-'tes

108 2625 208 2680 tenere,
229 2617 341 2668 diceret.
379 2614 451 2667 Naro
465 2623 596 2669 etservns
605 2618 756 2686 Agrippae,
776 2617 902 2671 Clemens

95 2691 225 2756 nomme,
241 2706 300 2745 non
311 2690 538 2747 contemnendam
547 2692 843 2747 manuninultionen
853 2690 899 2742 do·
