1822 3068
184 196 372 251 ribertus
407 199 487 247 GAP.
504 200 620 247 48-48.
747 198 799 253 13⁰

56 321 175 375 unitate
184 322 242 374 oris
251 319 360 375 hirsuto
370 327 454 389 atque
465 321 542 374 olido
553 323 613 375 seui
622 321 798 391 clareexpro·

56 402 94 449 tt.
128 395 208 448 Unde
225 403 295 448 noto
313 397 344 448 in
362 397 516 449 Atellanico
536 396 639 448 'exodio
663 399 797 463 proximis

56 471 205 523 bassensn
217 471 340 523 maximo
354 477 481 538 excepta,
500 471 669 538 percrebuit:
695 469 798 524 liram

56 546 115 597 sla
123 544 226 612 myreis
233 553 361 597 asturam
370 544 505 614 ligurrire.

63 618 155 671 XLVI.
175 618 314 671 Pecuniae
324 634 425 686 parcus
435 634 469 671 ac
478 624 575 683 tenax,
596 619 710 671 comites
721 635 797 687 perc-

56 693 189 745 nstionuru
198 693 460 761 expeditionumque
469 709 608 760 nunquam
623 694 743 757 salario,
759 694 798 746 ci-

56 767 92 818 dis
99 773 213 832 matous,
224 767 403 830 sinuentavit3
412 783 496 819 unam
505 767 589 820 modo
600 768 798 821 liberalitatem

56 841 217 909 indulgentia
224 841 318 893 vitrici
327 846 503 909 prosecutus,
520 856 615 908 quum,
625 843 715 894 tribus
727 843 797 895 clas·

56 914 177 980 ulands,
187 931 239 983 pro
250 915 385 982 dignitate
395 916 539 982 crriruque,
552 916 657 983 primae
666 924 797 969 sexcenta

56 991 138 1054 tortia,
153 990 292 1042 secundae
302 990 503 1056 quadringenta
512 990 666 1055 distribuit,
678 993 796 1043 ducenta

56 1062 256 1131 hequemuou
262 1064 422 1129 amicorum,
427 1063 476 1116 sed
480 1070 622 1131 gratorum
628 1065 796 1132 appellabat.

63 1136 166 1190 xbvu.
185 1138 318 1205 Princeps
333 1153 421 1205 neque
438 1138 796 1206 operanllamagnilicaie·

57 1214 122 1273 (nam
132 1219 161 1264 et
171 1228 242 1279 quae
257 1212 320 1263 sola
334 1219 503 1279 susceperat,
523 1213 640 1280 Augusti
654 1213 796 1280 templum,

56 1286 255 1354 lltnlionemque
264 1285 426 1353 Pompeiani
436 1285 551 1351 theatri,
561 1286 722 1355 imperfecta
731 1293 797 1357 post

58 1374 138 1413 runos
147 1361 289 1427 rellquit),
304 1376 392 1427 neque
402 1361 561 1429 spectacula
570 1362 682 1414 omniuo
694 1363 796 1426 edidit3

56 1435 88 1500 is,
102 1450 174 1503 qnae
183 1434 325 1502 abaliquo
337 1435 496 1499 ederentur,
509 1436 651 1488 rarissime
661 1436 796 1500 interfuit,

56 1510 115 1577 prid
127 1516 337 1577 exposceretur,
356 1510 452 1575 utique
472 1516 618 1576 postquam
634 1509 797 1562 comoedum

56 1584 107 1636 lunt
122 1590 238 1637 coactus
253 1589 296 1636 est
308 1584 509 1636 manumittere.
525 1630 528 1636 ,
547 1582 704 1634 Paucorum
718 1598 797 1634 sena·

56 1674 90 1711 ιιι
107 1659 208 1726 inopia
230 1663 396 1722 sustentata,
416 1674 451 1710 ne
466 1657 592 1724 pluribus
608 1671 690 1722 opem
702 1655 797 1721 ferret,

56 1734 110 1785 srit
117 1748 151 1785 ss
160 1732 225 1783 aliis
234 1733 443 1795 subventurum,
463 1731 520 1783 nisi
534 1731 643 1783 senatui
652 1730 741 1782 iustas
750 1745 796 1782 nc-

56 1808 159 1859 itstum
170 1822 270 1858 caum
279 1808 451 1874 probassent.
483 1806 545 1868 Quo
556 1811 638 1873 pacto
649 1806 797 1872 plerosque

56 1881 136 1935 lestis
150 1887 180 1933 ot
193 1881 300 1948 pudore
315 1880 460 1933 deterruit:
479 1881 509 1932 in
523 1881 622 1948 quibus
638 1879 797 1945 Hortalum,

56 1956 192 2009 {ortensii
202 1956 323 2008 oratoris
333 1961 468 2023 nepotem,
479 1956 535 2023 qui,
547 1954 706 2022 permodica
715 1971 745 2008 re
754 1954 796 2007 fa·

56 2032 110 2095 nri,
121 2036 237 2082 auctore
246 2030 370 2097 Augusto
381 2036 501 2097 quatuor
510 2030 614 2082 liberos
623 2030 734 2083 tulerat.

56 2104 181 2157 valu.
200 2103 315 2156 Publice
329 2104 543 2155 munificentiam
564 2105 607 2156 bis
622 2106 734 2158 omnino
750 2120 797 2157 ex·

56 2180 101 2231 rita
120 2179 268 2246 proposito
284 2179 384 2230 millies
399 2179 526 2231 sestertio
541 2181 663 2246 gratuito
673 2181 703 2231 in
712 2180 796 2231 trien·

56 2262 172 2322 enpust
187 2258 320 2305 etnrrsus
330 2253 495 2320 quibusdam
505 2252 624 2306 dominis
633 2253 796 2316 insularum,

56 2330 108 2381 sin
118 2333 214 2380 monte
219 2327 315 2379 coelio
326 2327 551 2394 deflagraveraat,
556 2328 646 2395 pretio
657 2327 796 2377 restituto.

56 2418 124 2455 »mm
139 2402 258 2454 alterum
265 2410 371 2470 magna
385 2396 545 2455 difficultate
560 2400 727 2463 nummaria,
747 2413 797 2465 po·

56 2478 212 2530 »auxilinm
226 2476 383 2543 flagitante,
403 2483 516 2529 coactns
529 2483 572 2529 est
585 2475 691 2537 iacere,
712 2487 796 2541 quum

56 2559 170 2605 senams
182 2551 336 2603 consultum
346 2553 496 2616 sanxisset,
506 2557 538 2602 ut
546 2550 716 2602 feneratores
726 2546 796 2598 duas

56 2628 162 2681 imonii
172 2632 265 2695 partes
274 2627 304 2677 iu
313 2627 375 2679 solo
386 2626 568 2687 collocarent,
583 2623 721 2675 debitores
730 2621 796 2672 toti·

56 2704 145 2758 rserls
155 2702 243 2755 alieni
251 2701 345 2754 statim
358 2701 511 2767 solverent,
529 2714 581 2752 noc
594 2712 640 2751 res
653 2695 795 2766 expedire-
