1874 3060
112 185 163 238 208
386 187 414 232 G.
441 185 631 234 suenoni!

112 313 144 363 iu
152 309 287 380 plurimos
297 314 325 361 et
335 307 528 362 ornatissimos
537 307 625 360 lacus.
654 307 788 361 Fucinum
799 323 909 378 aggres·

113 401 161 437 sus
172 390 278 437 estnon
288 385 379 435 minus
390 383 546 451 compendii
555 398 604 450 spe
614 398 695 451 quam
704 383 821 451 gloriae,
827 400 912 452 quum

114 459 227 527 quidam
237 459 346 526 privato
358 462 468 525 sumptu
479 458 627 508 emissuros
638 473 668 509 se
678 458 910 526 repromitterent,

114 534 140 585 si
154 533 209 585 sibi
222 533 321 584 sirmi
334 532 394 599 agri
409 531 631 582 concederentur.
669 530 723 583 Per
741 532 798 584 tria
818 538 910 585 antem

112 622 244 678 passuum
254 606 457 673 miliia,partim
468 604 572 656 effosso
582 612 683 669 monte,
692 607 795 673 partim
805 606 909 673 exciso,

113 682 237 735 canalem
248 680 368 733 absolvit
373 694 453 747 aegro
464 685 566 747 etpost
573 678 699 730 undecim
710 694 807 745 annos,
814 694 909 749 quam

111 757 154 808 vis
170 756 308 807 continuis
321 755 436 820 triginta
450 751 592 804 hominum
604 753 727 804 niillibus
746 755 806 806 sine
824 755 909 807 inter·

112 830 245 881 missione
270 828 456 896 operantibus.
499 826 614 878 Portum
638 826 733 879 Ostiae
763 829 909 894 exstruxit,

114 902 300 955 circumducto
312 901 408 952 dextro
418 902 583 968 sinistraque
593 899 716 966 brachio,
728 907 756 953 et
765 902 802 953 ad
810 903 909 955 introi·

112 984 170 1028 tum
181 975 319 1046 profundo
329 976 385 1026 iarn
397 976 458 1027 solo
469 974 542 1026 mole
554 975 675 1026 obiecta:
690 990 773 1043 quam
784 991 840 1044 quo
851 983 908 1029 sta·

112 1051 198 1102 bilius
211 1050 351 1115 fundaret,
371 1065 469 1100 navem
484 1055 547 1101 ante
561 1049 702 1113 demersit,
723 1064 778 1118 qua
791 1064 908 1119 maguus

112 1125 251 1178 obeliscus
261 1139 295 1176 ex
305 1125 430 1191 Aegypto
445 1122 537 1174 fueret
550 1123 692 1188 advectus,
712 1126 908 1193 congestisque

110 1199 177 1266 pilis
197 1198 372 1266 superposuit
391 1197 555 1247 altissimam
576 1198 675 1248 turrim
697 1198 726 1249 ln
752 1199 908 1267 exemplum

110 1271 289 1322 Alexandrini
298 1269 391 1336 Phari,
402 1276 435 1322 ut
444 1270 480 1321 ad
489 1276 640 1323 nocturnos
648 1272 728 1340 ignes
738 1287 849 1325 emaum
858 1288 907 1325 na·

109 1344 186 1413 rigia
196 1345 352 1411 dirigerent.

165 1418 241 1470 xxi.
263 1419 412 1487 Congiaria
422 1418 527 1488 populo
537 1420 647 1488 saepius
658 1419 809 1473 distribuit.
840 1419 907 1491 Spe·

111 1492 221 1545 otacula
234 1508 343 1563 qnoque
358 1493 500 1562 complura
513 1494 714 1563 magnificaque
727 1494 829 1559 edidit,
849 1511 907 1550 non

109 1568 215 1619 usitata
224 1568 307 1620 modo
319 1569 452 1621 accolitis
467 1567 549 1632 locis,
570 1568 619 1620 sed
633 1573 662 1619 et
675 1569 868 1621 commenticia
878 1576 908 1623 et

109 1657 144 1694 ex
155 1642 318 1709 antiquitate
332 1643 462 1710 repetita,
484 1648 512 1693 et
525 1643 574 1693 ubi
588 1648 730 1710 praeterea
742 1658 825 1697 nemo
841 1651 906 1697 ante

110 1730 181 1768 eum.
219 1715 315 1767 Ludos
326 1716 509 1768 dedicationis
519 1715 682 1783 Pompeiani
690 1715 807 1782 theatri,
828 1719 905 1787 qnod

110 1791 264 1841 ambustum
273 1791 439 1854 restituerat,
450 1805 466 1841 e
475 1791 609 1841 tribunali
618 1791 711 1859 posito
721 1792 750 1844 iu
761 1790 906 1845 orchestra

110 1864 259 1927 commisit,
272 1878 353 1931 quum
364 1864 441 1930 prius
452 1864 525 1931 apud
536 1865 692 1931 superiores
702 1864 786 1918 aedes
799 1866 904 1936 suppli·

110 1943 207 1999 cesset,
219 1953 321 2003 perque
330 1937 448 1988 mediam
460 1953 584 2003 caveam,
605 1939 763 1992 sedentibus
776 1955 811 1995 ac
820 1941 903 1994 silen-

107 2010 183 2063 tibus
207 2011 324 2075 cunctis,
349 2010 543 2064 descendisset.
584 2012 663 2065 Fecit
685 2020 714 2065 et
735 2015 902 2080 saeculares,

109 2084 190 2152 quasi
200 2085 366 2152 anticipatos
381 2085 415 2136 ab
426 2086 562 2153 Augusto,
582 2101 633 2138 nec
645 2087 769 2154 legitimo
782 2090 904 2161 tempori

108 2164 275 2220 reservatos;
295 2159 419 2227 quamvis
429 2160 527 2228 ipsein
537 2159 851 2230 historiissuisprodat,
861 2163 902 2217 ἰκ-

109 2232 453 2302 termiesoseosAugucsmm
462 2236 622 2300 modoquest,
644 2234 846 2304 diligentissime
854 2253 901 2291 ss·

107 2322 202 2358 nortem
211 2307 315 2358 ratione
324 2308 459 2372 subducta,
471 2308 499 2359 in
509 2308 626 2360 ordinem
636 2309 776 2380 redegisse.
807 2311 901 2374 Quare

106 2395 163 2432 vox
172 2381 318 2449 praeconis
328 2383 411 2432 irrisa
421 2388 475 2446 est,
486 2384 628 2434 invitantis
638 2399 715 2436 more
724 2383 855 2439 sollemni
864 2385 899 2437 sd

105 2454 199 2520 ludos,
220 2470 284 2521 quus
298 2472 345 2507 nec
358 2464 499 2523 spectasset
507 2456 656 2523 quisquam,
677 2474 726 2510 uec
734 2468 898 2527 apenninas

106 2538 188 2591 esset;
209 2544 292 2598 quum
303 2535 477 2598 superessent
485 2530 586 2595 adhuc,
599 2533 647 2598 qui
656 2538 860 2600 spectaverant,
871 2540 898 2585 et

105 2602 218 2671 qnidam
229 2601 401 2667 histrionum,
412 2604 541 2672 producti
552 2605 627 2670 olim,
637 2612 705 2657 tunc
713 2622 827 2676 quoqne
834 2622 895 2677 pro·

100 2675 276 2730 ducerentur.
310 2677 451 2731 circenses
461 2677 894 2749 frequentaretieminvatieeno
