1874 3060
105 206 156 260 ⁸25
382 206 411 254 G.
433 206 623 255 SUE'i'ssNll

105 329 605 398 eaqnenovineimnanlicoappnretu
613 327 766 383 induceret.
805 330 900 399 licper

105 403 800 471 omneglediatorumspectnculumantepodeteinr
810 406 900 458 mbnt

103 479 235 546 puerulus
250 479 421 542 coccinatus,
441 483 622 545 portentuoso
642 492 787 545 parvoque
801 480 897 547 capite,

104 568 164 606 cum
175 568 232 622 quo
242 553 389 620 plurimum
398 551 590 617 fabulabatur,
609 566 807 622 nonnunqum
816 554 897 609 nerio.

102 628 220 679 Auditae
229 633 272 679 cet
282 633 366 691 certo,
387 626 452 677 dum
467 640 501 678 ox
516 641 550 677 eo
565 627 686 693 quaerit,
708 626 896 694 ecquidecc'rct,

103 718 152 755 cur
170 700 223 755 eidi
239 701 324 752 cinam
343 708 421 762 cenet,
446 699 611 753 ordinatione
631 700 759 768 proxima
778 700 897 772 Aegypto

98 775 247 845 praeficere
259 772 393 826 Maecium
407 773 519 844 Rasum.
557 774 654 827 Edidit
666 776 781 828 narnien
795 790 896 845 pugnae

103 864 191 919 poeno
204 850 340 899 iustarum
355 848 498 913 clasoium,
519 847 622 901 effosso
642 855 671 902 et
690 851 896 902 circumomto

103 926 183 975 iuxta
199 923 323 975 Tiberim
344 923 420 985 lecn3
450 929 534 992 atque
551 925 624 975 inter
642 925 781 976 maximoe
800 924 897 976 imbreo

103 997 296 1067 perspectauit.
333 996 413 1049 Fecit
422 1003 450 1048 et
459 998 540 1051 ludos
550 998 720 1064 saeculares,
742 1002 898 1067 computato

103 1073 213 1124 ratione
222 1077 376 1138 temporum
391 1073 426 1125 ab
441 1086 528 1137 anno,
548 1088 603 1124 non
618 1088 674 1140 qno
690 1072 826 1125 Claudiuu
839 1086 898 1140 pro·

102 1147 190 1209 xime,
210 1145 258 1196 eed
269 1160 325 1213 quc
336 1146 403 1196 olim
412 1146 551 1212 Auguetua
561 1147 694 1199 ediderat.
733 1147 766 1198 ln
776 1146 833 1213 hio,
843 1146 898 1197 Gir·

105 1219 226 1272 censium
237 1219 295 1283 die,
315 1233 371 1286 qno
385 1218 497 1270 faciliun
512 1227 619 1273 centem
629 1222 730 1273 miuron
740 1235 898 1290 perageren-

104 1301 163 1357 tur,
184 1292 308 1359 cingulos
323 1308 341 1343 e
359 1294 479 1360 septenis
493 1296 592 1362 epatiio
607 1295 643 1346 nd
657 1297 743 1363 quina
757 1294 899 1363 cornipedi.

106 1367 229 1421 Instituit
246 1372 274 1417 et
292 1367 495 1435 quinquennale
516 1375 653 1421 certamen
669 1369 829 1439 Capitolino
844 1368 901 1420 lori

105 1440 219 1508 triplex,
230 1441 364 1493 muricum
370 1478 379 1505 ,
390 1448 528 1509 equestre,
539 1444 710 1510 gymnicum,
721 1450 749 1496 et
759 1444 900 1512 eliquanto

106 1514 239 1583 plurium,
264 1530 347 1584 quam
366 1530 440 1567 nunc
458 1523 514 1580 ent,
539 1532 715 1571 coronarum.
754 1518 902 1570 Certabunt

106 1591 180 1641 enlm
195 1594 223 1640 et
237 1603 322 1656 prona
337 1591 464 1642 oratione
474 1589 580 1645 Graeco
589 1591 758 1660 Latineque3
779 1606 813 1643 nc
825 1604 901 1661 proe-

106 1671 149 1717 ter
163 1661 341 1716 citharoedae
356 1662 604 1718 chorocitharistae
619 1681 729 1734 quoque
743 1672 774 1717 et
791 1665 902 1734 peiloci·

106 1737 254 1800 theriotoe3
273 1739 303 1789 in
312 1738 405 1790 stadio
416 1752 481 1790 vero
493 1754 575 1790 cursu
584 1740 667 1791 etiem
677 1740 809 1807 virginea.
841 1740 902 1791 Cer-

106 1813 206 1865 tamini
223 1813 364 1879 praeeedit
383 1813 553 1880 crepidatus,
574 1828 767 1881 purpureaque
788 1814 902 1866 amictae

105 1893 174 1953 toga
193 1885 377 1949 Graecanica,
399 1887 489 1952 capite
507 1893 618 1953 gestans
639 1903 772 1940 coronam
793 1902 902 1940 ameum

107 1976 168 2011 cum
179 1961 268 2025 effigie
279 1958 353 2010 lovis
365 1974 397 2010 ac
406 1960 519 2011 lunonis
529 1961 737 2029 Minervaeque,
759 1960 901 2014 accidenti·

106 2034 158 2084 bun
173 2032 252 2083 Diali
264 2033 408 2085 sacerdote
423 2040 451 2085 et
465 2034 584 2103 collegio
599 2035 766 2088 Flauialium
780 2036 845 2104 pori
857 2033 901 2087 he·

105 2108 176 2170 bitu,
181 2106 237 2157 nini
242 2106 316 2173 quod
322 2107 433 2158 illorum
445 2110 556 2160 coronio
565 2110 656 2163 inerat
665 2116 692 2162 et
701 2111 791 2178 ipsine
800 2111 901 2177 mage.

108 2180 274 2234 Celebrabet
286 2186 314 2233 et
328 2181 357 2232 in
366 2182 473 2235 Albano
490 2185 638 2251 quotannis
654 2184 842 2253 Quinquatria
851 2184 901 2235 Mi·

106 2271 215 2320 nervae,
228 2255 274 2307 eni
284 2255 430 2323 collegium
440 2258 611 2309 instituerat:
631 2274 665 2310 ex
676 2274 730 2326 quo
742 2265 820 2311 corte
829 2256 901 2310 ducti

106 2331 267 2399 uragieterio
278 2330 467 2398 fungerentur,
487 2332 685 2400 redderentque
695 2333 815 2386 eximino
823 2346 901 2386 vena·

106 2407 198 2459 tionee
208 2410 237 2457 et
245 2405 370 2457 ocenicoa
380 2405 475 2467 ludoo,
491 2422 626 2476 unperque
641 2414 785 2460 oratorum
797 2410 900 2477 nepot-

105 2488 197 2531 torum
211 2480 369 2531 certamina.
409 2481 586 2549 Congiarium
606 2482 710 2551 populo
728 2496 900 2535 nummorum

106 2561 280 2607 trecenorum
291 2561 334 2606 ter
343 2554 427 2619 dedit,
432 2557 516 2623 'atque
526 2556 598 2608 inter
608 2558 770 2625 spectacula
783 2554 899 2609 muneris

99 2628 292 2696 largissimum
307 2629 427 2697 epulum.
469 2629 675 2695 Septimontiali
696 2646 793 2696 aeuo,
813 2630 898 2701 primo

90 2703 138 2755 die
147 2707 266 2763 eenotui
276 2706 423 2780 equitique
432 2704 571 2779 penuriis,
586 2706 681 2776 pelet
690 2704 833 2775 aqcroellie
843 2718 899 2757 cun
