1874 3060
111 109 161 159 218
388 110 416 155 C.
439 108 630 157 suuromr

111 249 198 301 usque
209 232 331 301 opperiri
340 231 533 300 perseverarit.
554 230 728 298 Quocunque
736 228 890 297 gladiatorio

109 324 233 372 munere,
253 306 295 359 vel
311 323 375 371 suo,
395 307 440 358 vel
454 307 562 370 alieno,
582 304 891 372 etlamiorteprolapsor

110 382 232 450 iugulari
241 382 366 446 iubebat,
380 381 498 432 maxime
508 380 652 443 retiarius,
666 378 891 447 uteupirautiun
924 435 925 451 ἶ

110 457 210 509 faciem
219 457 333 508 videret.
372 456 462 517 Quium
476 468 528 522 par
542 453 683 523 quoddam
692 454 798 505 mutuis
805 453 891 505 ictibus

111 531 289 594 concidisset,
310 530 436 581 cultellos
449 529 506 580 sibi
518 528 650 596 parmrlos
659 542 694 579 ex
702 526 890 596 uuoquofcuo

111 608 141 657 iu
151 621 232 657 usum
246 605 307 656 lieri
320 604 380 654 sine
394 619 474 655 mma
486 604 577 654 iussit.
614 602 764 655 Bestiariis
779 602 890 655 meridia·

111 681 209 747 nisque
218 678 288 729 adeo
300 678 534 741 delectabatur,ut
543 684 571 729 et
580 678 672 744 prima
679 676 744 729 luce
753 676 792 728 ad
801 682 891 747 maela

112 754 203 806 arulum
214 752 397 816 descenderet,
409 759 437 804 et
446 752 574 815 meridie,
584 752 701 803 dimisso
712 750 751 803 ad
759 750 892 821 prauu-

111 826 225 896 populo,
236 827 400 893 persederet,
410 832 574 895 praeterque
584 826 750 890 destinatos,
755 825 891 879 edan-leri

111 902 257 968 subitaque
267 901 301 952 de
311 916 404 964 eausa,
416 901 549 968 quosdam
561 901 757 964 committeret,
768 900 805 953 de
813 899 893 953 tam

109 990 171 1026 sum
182 991 291 1044 quoque
301 990 334 1026 ac
344 975 531 1026 ministrorum
546 980 629 1041 atque
642 975 673 1025 id
683 988 772 1042 genus
781 990 892 1037 mero,

108 1051 134 1103 si
145 1055 327 1114 automatum,
342 1049 386 1100 vel
396 1064 507 1116 pegma,
521 1049 566 1100 vel
576 1048 642 1117 quid
650 1050 709 1101 tale
719 1048 800 1101 aliud
808 1064 892 1119 paruu

109 1125 246 1176 cessisset.
278 1123 564 1175 luduxitetunumex
572 1124 893 1189 nomenclatoribussuia,

109 1199 181 1249 sicut
191 1204 251 1249 erat
259 1204 379 1264 togatus.
871 1218 874 1223 ·

164 1271 279 1328 XXXV.
299 1272 354 1324 Sed
367 1269 438 1323 nihil
453 1287 539 1339 ecque
555 1287 637 1339 quam
651 1272 768 1325 timidus
783 1288 819 1327 ac
836 1272 895 1325 dilli-

110 1346 249 1398 densfuit
287 1346 387 1398 Primis
397 1347 508 1414 imperii
517 1346 895 1416 diebus,quauquam,utdi·

108 1422 213 1486 xiruus,
232 1422 354 1474 iactator
364 1422 520 1486 civilitatis,
539 1437 627 1490 neque
638 1422 896 1477 conviviainiresu·

109 1513 157 1548 sus
171 1503 226 1562 est,
246 1497 303 1548 nisi
316 1503 347 1549 ut
361 1497 549 1566 speculatores
559 1512 621 1547 cum
631 1496 736 1549 lanceis
746 1498 896 1551 circunrla·

108 1578 182 1636 rent,
201 1572 357 1640 militesque
371 1573 431 1624 vice
446 1571 635 1624 ministrorum
647 1569 841 1639 iungerentur3
857 1586 896 1625 us·

109 1662 162 1713 que
173 1662 285 1714 aegnun
295 1662 459 1715 quemquam
468 1646 600 1709 visitavit,
605 1646 661 1697 nisi
670 1646 819 1714 explorato
828 1646 897 1717 prlua

108 1721 251 1786 cubiculo,
278 1721 455 1788 culcitrisque
475 1726 504 1772 et
522 1720 653 1788 stragulis
672 1722 856 1788 praetentatis
874 1726 898 1773 et

109 1796 244 1846 excussis:
263 1796 372 1861 reliquo
383 1800 474 1846 autem
483 1801 608 1863 tempore
617 1794 896 1851 salutatoribusacru·

107 1874 213 1920 tutores
224 1884 330 1935 semper
341 1869 478 1937 apposuit,
490 1875 518 1921 et
527 1870 638 1938 quidem
649 1870 821 1936 omnibus,et
829 1884 897 1923 acer·

106 1934 246 1994 bissimos.
266 1942 335 1995 Sero
346 1944 418 1993 enim
429 1958 462 1994 ac
472 1944 519 1995 vix
527 1944 642 2007 remisit,
652 1960 687 1995 ue
696 1944 818 2001 feminae
826 1960 898 2014 prae·

106 2017 260 2085 textatique
279 2018 358 2084 pueri
378 2024 405 2068 et
423 2018 531 2085 puellae
550 2025 800 2087 contrectarentur,
824 2026 853 2073 et
868 2035 899 2073 ue

108 2091 187 2142 cadus
202 2091 298 2143 comiti
313 2098 361 2143 aut
374 2093 491 2144 librario
508 2093 675 2152 calamariae
688 2100 717 2146 et
724 2093 899 2163 graphiariae

108 2164 204 2217 thecae
215 2167 407 2217 adimerentur.
446 2166 526 2219 Motu
537 2168 625 2232 civili,
638 2184 721 2237 quum
730 2185 794 2221 eum
804 2168 900 2221 Camll-

107 2240 164 2306 lus,
184 2256 241 2293 nou
255 2241 384 2293 dubitans
399 2242 482 2293 etiam
498 2243 569 2294 eitra
582 2243 684 2295 bellum
699 2258 782 2311 posse
795 2244 900 2307 terren,

108 2317 308 2369 contumeliosa
318 2321 346 2367 et
355 2316 457 2367 minaci
469 2324 498 2368 et
508 2318 666 2371 contumaci
674 2319 796 2387 epistola
806 2318 900 2371 cedere

105 2390 222 2458 imperio
242 2392 361 2455 luberet,
385 2391 525 2459 vitamque
550 2393 670 2443 otiosam
693 2393 723 2444 iu
743 2394 854 2461 privata
871 2408 900 2443 re

106 2479 201 2531 agerc3
222 2466 371 2528 dubitavit,
387 2463 518 2517 adhibitis
528 2467 700 2536 principibus
709 2468 790 2533 viris,
806 2482 843 2519 au
853 2467 900 2520 ob·

104 2544 276 2607 temperaret.

160 2614 287 2667 xxxvl.
310 2615 449 2678 Quasdam
464 2614 580 2669 insidias
596 2621 697 2673 temere
710 2616 820 2670 delatas
830 2614 899 2669 adeo
