1874 3060
262 212 394 259 GALBA.
431 214 506 260 CAP.
525 213 642 260 19-23.
800 211 850 260 277

54 335 161 399 fruaris
176 343 263 387 aetate
277 344 342 397 tuu,·
365 337 483 387 maxime
495 336 600 387 irritati
617 335 652 386 ad
670 335 754 387 talem
773 336 849 387 ioco-

53 428 117 465 rum
132 409 326 478 petulantiam,
349 410 423 479 quod
438 417 500 463 ante
513 426 619 479 pancos
634 410 692 461 dies
706 410 849 460 exieratin

53 486 164 553 vulgus,
175 483 302 542 laudanti
312 485 419 537 cuidam
430 484 548 537 formam
558 500 648 548 snam,
659 489 690 534 ut
700 481 790 534 adhuc
799 483 849 535 sso-

54 560 147 613 rldam
167 565 195 610 et
212 564 345 625 vegetam,
365 560 539 627 respondisse
554 575 623 623 eum,
639 553 695 606 Ἔτι
712 573 758 616 μοι
774 556 849 616 μένος

57 628 171 693 [puetis
182 629 257 680 ἐστιν.
297 633 338 683 Ab
358 631 400 683 his
415 633 542 685 Patrobii
555 632 709 685 Neroniani
725 632 848 697 libertus,

59 714 167 761 centum
177 707 268 758 aureis
278 707 454 774 redemptum,
466 724 499 759 eo
509 707 586 773 loco,
596 708 646 759 ubi
655 709 734 759 iussu
744 705 849 759 Galbae

59 782 278 835 animadversum
287 781 317 831 iu
327 788 473 848 patronum
482 781 580 847 fuerat,
592 782 702 836 abiecit.
713 781 780 834 Sero
790 787 850 832 tan-

60 858 120 909 dem
130 857 307 923 dispensator
315 856 414 923 Argius
425 862 453 907 et
461 853 527 921 hoc,
549 863 576 908 et
591 863 709 909 ceterum
724 862 850 908 truncum

60 932 88 983 in
97 930 214 1001 privatis
225 930 283 981 eius
293 927 382 981 hortis
391 930 518 982 Aureliae
527 930 589 982 viae
599 931 756 1000 sepulturae
766 930 850 983 dedit.

113 1004 191 1057 XXI.
212 1003 324 1057 Statura
332 1006 407 1056 iusta
416 1005 478 1069 fuit,
491 1005 580 1071 capite
590 1005 751 1072 praecalvo,
764 1005 852 1057 oculis

62 1078 209 1144 meruleis,
226 1079 332 1130 adunco
343 1094 425 1143 naso,
435 1080 562 1130 manibus
572 1079 742 1148 pedibusque
752 1080 852 1130 articu-

61 1154 114 1207 lari
122 1154 223 1205 morbo
234 1153 449 1218 intentissimis,
465 1159 497 1205 ut
506 1170 593 1222 neque
605 1153 726 1206 calceum
736 1153 851 1222 perpeti,

61 1244 110 1281 nec
119 1227 232 1280 libellos
243 1228 366 1279 evolvere
377 1236 426 1280 aut
433 1234 525 1280 tenere
537 1229 647 1281 omnino
657 1228 770 1280 valeret.
799 1226 853 1277 Ex-

64 1308 186 1356 crererat
196 1302 279 1354 etiam
292 1303 323 1353 iu
336 1303 490 1355 dexteriore
504 1303 589 1356 latere
605 1304 663 1355 eius
679 1319 756 1369 caro,
776 1318 854 1372 prae·

63 1378 254 1447 pendebatque
264 1376 343 1441 adeo,
353 1385 386 1429 nt
396 1393 476 1445 aegre
485 1377 575 1429 fascia
583 1379 822 1445 substringeretnr.

116 1451 209 1505 xxll.
229 1451 291 1503 Cibi
304 1451 416 1518 plurimi
430 1452 561 1515 traditur,
583 1467 662 1520 quem
679 1458 803 1519 tempore
816 1449 856 1501 hi·

64 1526 150 1587 berno
167 1525 251 1577 etiam
266 1532 327 1577 ante
343 1527 430 1578 lucem
451 1540 549 1592 capere
569 1531 761 1587 consueverat3
784 1525 856 1575 inter

67 1615 250 1655 coenamvero
261 1616 347 1667 usque
357 1616 390 1652 eo
403 1598 613 1663 abundantis,ut
623 1603 766 1665 congestas
775 1613 858 1665 snper

65 1691 163 1727 manus
176 1674 309 1741 reliquias
329 1673 499 1726 circumferri
515 1673 635 1737 iuberet,
655 1671 802 1739 spargique
822 1670 858 1721 ad

65 1750 150 1818 pedes
169 1749 315 1801 stantibus.
353 1748 493 1800 Libidinis
512 1747 542 1798 in
555 1762 644 1799 mares
657 1746 810 1814 pronioris,
832 1752 860 1796 et

66 1840 113 1877 eos
126 1838 186 1877 nou
199 1823 255 1885 nisi
268 1823 420 1891 praeduros
435 1822 622 1889 exoletosque.
660 1820 809 1885 Ferebant,
828 1820 857 1870 in

65 1897 206 1967 Hispania
214 1897 316 1949 lcelum
327 1914 341 1949 e
351 1898 488 1951 veteribus
504 1896 677 1960 concubinis,
696 1895 730 1947 de
740 1894 859 1947 Neronis

66 1972 145 2025 exitu
155 1972 344 2036 nunciantem,
362 1987 418 2024 non
433 1972 515 2025 modo
532 1971 679 2023 artissimis
694 1971 797 2022 osculis
810 1985 859 2038 pa-

66 2046 122 2099 laun
142 2052 286 2114 exceptum
301 2047 335 2097 ab
350 2062 397 2110 eo,
417 2047 479 2112 sed,
499 2054 531 2098 ut
544 2047 602 2098 sine
617 2061 696 2098 mora
705 2045 859 2107 velleretur,

67 2127 178 2175 uramur
188 2128 270 2188 atque
280 2121 430 2173 seductum.
656 2146 659 2151 ·

122 2194 226 2247 xxm.
245 2194 332 2247 Periit
346 2195 428 2247 tertio
444 2200 471 2247 et
485 2195 686 2263 septuagesimo
703 2194 802 2246 aetatis
813 2208 860 2243 an·

67 2284 117 2335 uo,
127 2269 240 2337 imperii
249 2285 342 2321 mense
351 2270 477 2337 septimo.
516 2268 645 2333 Senatus,
660 2275 692 2319 ut
700 2268 817 2334 primum
827 2264 860 2315 li-

69 2345 154 2397 citum
169 2342 236 2408 tuit,
256 2350 376 2397 statuam
396 2343 609 2408 eidecreverat,
629 2346 766 2393 rostratae
786 2338 860 2391 colu·
923 2363 925 2368 ·

68 2434 149 2471 mnae
158 2424 359 2485 superstantem
368 2419 398 2469 lu
407 2423 485 2487 parte
494 2416 562 2481 fori,
583 2432 638 2485 qua
647 2413 801 2467 trucidatum
811 2418 861 2463 est.

68 2492 125 2545 Sed
135 2492 274 2545 decretum
285 2492 472 2559 Vespasianus
484 2491 613 2555 abolevit,
622 2502 797 2557 percussores
808 2485 862 2537 sibi

68 2582 104 2620 ex
113 2567 255 2637 Hispania
264 2567 293 2618 in
302 2567 433 2620 Iudaeam
443 2567 611 2618 summisisse
623 2563 760 2630 opinatum.

358 2716 582 2749 ψ·-
