1874 3060
122 178 172 232 1⁹²
398 180 425 226 c.
451 177 638 227 SUETONll

122 304 342 375 praecipitatum.
365 300 562 371 Prodigiorum
571 302 634 354 loco
645 300 918 369 habitacuntetiam,

124 393 194 449 quac
203 378 277 431 forte
286 379 336 430 illo
347 378 409 444 ipso
421 378 464 430 die
475 377 570 444 paullo
580 377 657 443 prius
667 377 833 429 acciderant.
868 378 918 433 Sn-

123 454 251 506 crliicane
264 468 405 520 respersus
419 459 462 505 cst
474 451 683 522 phoenicopteri
701 452 844 520 sanguine.
881 452 919 505 Et

121 527 432 596 pantomimnsMnester
440 527 613 594 tragoediam
623 526 743 590 saltavit,
753 541 837 593 qnam
849 527 915 580 olim

122 601 319 668 Neoptolemus
328 602 477 669 tragoedus
488 601 568 667 ludis,
575 600 915 669 qnibuerexlllacedonum

121 675 266 744 Philippus
278 677 386 727 occisus
396 682 445 741 est,
458 683 559 743 egerat.
592 674 630 726 lit
640 691 723 747 quum
732 676 762 726 in
773 674 913 729 Laureolo

121 752 219 815 urimo,
238 751 269 801 in
283 765 337 818 quo
354 757 433 802 actor
446 751 602 818 proripiens
616 766 645 801 se
658 750 739 801 ruina
752 752 914 818 sanguinem

121 826 220 889 vomit,
241 825 334 892 plures
353 826 535 876 secundarum
554 825 679 876 certatim
698 825 913 892 experimentum

122 900 189 950 artis
201 899 309 963 darent,
326 899 423 951 cruore
433 914 515 951 scena
525 898 683 951 abundavit.
721 898 914 951 Parabaturet

120 974 150 1024 in
169 979 277 1025 noctem
297 975 494 1040 spectaculum,
516 988 570 1040 quo
586 980 745 1042 argumenta
762 972 913 1025 inieromm

120 1062 170 1114 per
179 1049 332 1116 Aegyptios
342 1055 370 1100 et
378 1048 527 1116 Aethiopas
538 1048 748 1115 explicarentur.

177 1121 274 1174 LVlll.
286 1122 690 1187 NonoKalendasFebruarias,
701 1121 771 1174 hora
782 1122 912 1190 quasise·

119 1197 215 1263 ptima,
228 1204 378 1263 cunctatus,
385 1212 420 1248 an
431 1197 466 1248 ad
476 1198 622 1264 prandium
632 1208 763 1265 surgeret,
773 1204 912 1249 marcente

120 1269 210 1323 adhuc
220 1270 362 1323 stomacho
372 1271 494 1339 pridiani
504 1273 560 1323 cibi
570 1288 664 1337 onere,
674 1271 785 1324 tandem
796 1272 912 1324 suaden-

119 1346 194 1397 tibus
214 1346 310 1397 amicis
330 1360 457 1413 egressae
476 1358 526 1398 est.
566 1347 656 1409 Quum
678 1348 708 1398 in
732 1352 843 1414 crypta,
863 1361 912 1414 per

121 1434 202 1486 quam
221 1421 418 1472 transeundum
437 1427 510 1486 erat,
529 1423 609 1488 pueri
626 1422 734 1473 nobiles
748 1436 782 1473 ex
794 1420 863 1474 Asia
876 1421 913 1473 ad

120 1494 239 1546 edendas
249 1496 278 1545 in
288 1510 370 1547 scena
384 1510 484 1564 operas
498 1497 606 1548 evocati
619 1502 861 1564 praepararentur,
884 1502 913 1548 nt

120 1584 169 1622 ecs
178 1568 325 1636 inspiceret
334 1569 556 1638 hortareturque,
577 1572 687 1622 restitit.
723 1570 911 1639 Acnisipriu·

120 1658 184 1711 ceps
194 1645 285 1712 gregis
296 1646 388 1712 algere
398 1660 427 1697 se
438 1645 549 1709 diceret,
559 1645 651 1697 redire
661 1660 695 1697 ac
704 1651 912 1714 repracsentare

120 1720 304 1785 spectaculum
314 1720 411 1771 voluit.
450 1719 560 1788 Duplex
570 1718 668 1772 dehinc
676 1719 752 1772 fama
767 1725 818 1773 est.
856 1720 912 1772 Alii

83 1856 87 1861 .
118 1793 243 1858 tradunt,
263 1794 416 1861 alloquenti
429 1808 530 1861 pueros
546 1809 563 1844 a
575 1800 653 1862 tergo
665 1793 816 1847 chaeream
826 1796 911 1849 cervi-

119 1882 178 1918 cem
197 1868 291 1934 gladio
311 1869 411 1920 caesim
425 1869 546 1936 graviter
558 1870 738 1936 percussisse,
759 1871 913 1937 praemissa

118 1955 194 2006 voce,
206 1940 266 1994 Hoc
276 1958 343 2011 age,·
363 1941 461 1995 dehinc
472 1944 629 1996 cornelium
640 1944 784 2009 Sabinum,
796 1945 912 1997 alterum

119 2016 296 2067 econiuratis
306 2017 458 2084 tribunum,
480 2034 514 2070 ex
524 2018 640 2072 adverso
650 2021 794 2072 traiecisse
803 2024 911 2086 pectus:

119 2089 181 2155 alii,
203 2090 347 2157 Sabinum,
368 2100 505 2146 armmota
521 2108 571 2161 per
591 2094 717 2146 conscios
737 2094 912 2146 centur-lones

117 2166 212 2230 turba,
228 2167 335 2234 signnm
344 2183 421 2219 more
432 2169 548 2220 militiae
558 2170 672 2237 petisse,
687 2174 727 2233 et,
743 2168 813 2221 Gaio
823 2166 912 2220 lovem

119 2238 213 2305 dante,
230 2239 379 2293 Chaeream
389 2242 569 2307 exclamasse,
585 2242 803 2311 daupeinim,
824 2242 912 2310 respi-

118 2314 254 2383 cientique
267 2317 409 2368 maxillam
423 2319 482 2368 ictu
496 2317 649 2370 discidisse.
688 2317 826 2369 lacentem
846 2332 909 2369 con-

116 2392 266 2458 tractisque
286 2392 414 2443 membris
434 2391 631 2456 clamitantem,
651 2393 805 2456 scrivere,
826 2392 910 2444 ceteri

116 2463 274 2516 vulneribus
287 2467 402 2532 triginta
416 2465 599 2518 coniecerunt.
639 2467 709 2519 Nam
725 2467 836 2534 algnum
851 2472 911 2518 erat

118 2539 246 2603 omnium,
258 2539 363 2608 Repete.
395 2541 512 2602 eridam
523 2542 607 2593 etiam
616 2557 665 2609 per
676 2542 797 2593 obscena
805 2541 907 2593 ferrum

117 2610 275 2679 adegerunt.
312 2614 354 2665 Ad
363 2616 480 2682 primum
489 2618 635 2669 tumultum
645 2616 783 2669 lecticarii
793 2632 855 2668 oum
866 2632 908 2666 as·

106 2687 220 2741 serr'hns
238 2689 269 2741 fir
290 2690 424 2744 amilium
443 2698 666 2758 accucurrerunt5
689 2706 755 2745 mcx
776 2690 909 2745 Germani
