1874 3060
73 164 124 215 2⁷⁰
353 163 380 208 G.
407 158 592 208 SUETONH

75 286 218 355 comperit,
229 284 322 351 legato
332 283 498 352 Aqtritaniae
508 282 615 335 auxilia
623 277 802 351 implorante.
821 278 857 333 Su

74 366 255 430 pervenerunt
265 365 292 409 ct
301 357 427 408 Vindicis
437 358 543 421 literae,
554 355 704 421 hortantis,
714 364 748 407 et
755 354 857 407 tum

70 433 168 505 generi
179 442 335 485 “sertorem
349 432 490 499 ducemus
509 447 537 482 se
555 430 775 483 accommodaret.
813 428 857 481 No

73 510 124 561 diu
132 514 289 571 cunctatus,
301 506 487 559 conditionem
497 507 599 573 partim
608 512 697 569 metu,
709 504 857 573 partimspt

73 584 186 652 recepit
223 581 295 633 Nam
314 588 342 632 et
360 580 492 631 mundata
505 580 625 633 Neronis
639 580 674 631 da
686 594 755 633 neoc
768 592 822 629 sua
834 591 857 629 st

73 663 268 727 procuratores
283 654 353 706 clam
368 655 454 707 missa
471 653 700 722 deprehenderam
723 660 754 705 et
772 652 857 705 confir

74 733 202 783 ruebatur
216 745 299 796 quum
313 728 520 781 secundissimis
535 729 668 796 auspiciis
682 726 857 781 etominlbus

72 814 132 857 tum
150 804 266 871 virginis
285 802 418 855 honestae
435 804 647 867 vaticinatione,
671 808 753 855 tanto
772 800 857 869 muas

73 878 149 946 quod
163 878 259 929 eadem
272 878 324 928 illu
338 879 462 928 carmina
476 877 607 930 sacerdos
620 878 695 929 lovis
705 877 825 929 cluniae
837 889 857 927 e:

74 952 210 1021 penetrali
219 953 328 1004 somnio
339 953 461 1003 monitus
470 958 594 1015 eruerat,
605 959 669 1003 ante
679 951 816 1003 ducentos
825 964 857 1001 au

74 1042 126 1079 nos
140 1026 269 1078 similiter
283 1042 301 1077 a
317 1026 436 1077 fatidica
454 1026 548 1093 puella
566 1027 760 1094 pronunciata.
798 1024 857 1086 Quo

74 1118 135 1153 rum
150 1102 301 1153 catulinum
316 1101 452 1152 sententia
471 1108 545 1165 erut,
566 1101 697 1152 orituram
717 1098 857 1166 quandoqn

75 1192 108 1227 er
117 1174 251 1241 Hispania
258 1173 406 1241 principem
416 1174 600 1241 dominumque
609 1190 706 1226 rernm.

131 1249 167 1299 X.
187 1248 276 1315 Igitur
289 1264 374 1315 quum
393 1250 474 1315 quiasi
491 1250 706 1301 manumissione
725 1253 857 1299 vocaturn

78 1322 283 1375 conscendisset
291 1324 427 1387 tribunal,
448 1324 602 1391 propositio
617 1330 681 1373 anto
690 1338 721 1373 se
731 1322 857 1373 danrnuto

76 1413 138 1449 rnm
148 1397 358 1464 occisorumque
369 1413 386 1448 s
396 1398 506 1449 Nerone
519 1413 602 1467 quum
613 1398 740 1465 piurimis
748 1396 857 1463 imagin

77 1473 143 1536 bru,
163 1478 192 1524 et
205 1479 314 1542 astante
327 1473 417 1524 nobili
431 1488 531 1540 puero,
552 1487 631 1540 quem
650 1470 824 1523 cumulantem
842 1484 852 1519 t

78 1546 324 1615 proximaBaleari
331 1547 425 1597 insula
435 1547 471 1599 ob
481 1547 511 1597 id
521 1547 612 1613 ipsum
622 1546 771 1609 acciverat,
782 1542 845 1611 depl

77 1622 152 1673 ravit
160 1628 314 1689 temporum
326 1628 441 1684 statum,
461 1621 706 1688 consalutauuque
714 1620 841 1687 imperat«

78 1698 196 1765 legurm
214 1712 243 1747 se
256 1705 362 1747 renatas
386 1710 419 1747 oc
434 1694 528 1762 populi
539 1694 656 1746 hmani
668 1693 813 1762 professus
826 1708 836 1743 t

78 1770 200 1833 Deinde,
219 1771 327 1822 iustitio
339 1770 457 1833 indicto,
478 1785 493 1821 e
506 1768 585 1835 plebe
595 1769 705 1837 quidem
716 1768 830 1837 provino

78 1844 203 1911 legiones
213 1851 241 1895 et
250 1844 357 1894 currilia
366 1844 539 1911 conscripsit,
551 1859 633 1910 super
643 1844 824 1895 exerciturum

77 1933 136 1969 rem
146 1918 264 1984 legionis
273 1919 364 1980 unius,
375 1917 546 1984 duarumque
556 1919 671 1983 alarum,
682 1925 711 1969 et
720 1916 820 1970 colion

78 1992 175 2042 mium:
196 1998 226 2042 at
235 2007 250 2042 e
260 1992 429 2058 primoribus
443 1992 589 2060 prudentia
604 2000 687 2061 atqua
697 2000 814 2059 aetutep

80 2066 232 2129 stantibus,
252 2066 328 2117 velut
336 2068 427 2118 instar
441 2074 564 2131 senatus,
586 2067 621 2118 ad
636 2082 708 2135 otios
722 2068 759 2119 de
772 2082 809 2118 mo

79 2155 119 2204 re,
128 2141 239 2206 quoties
249 2156 320 2209 opus
330 2150 414 2207 essct,
425 2143 586 2205 minuetur,
596 2143 727 2193 instituit.
768 2141 804 2193 Do

79 2222 108 2267 ct
122 2216 257 2283 equestris
271 2216 377 2267 ordinis
391 2218 516 2279 invenes,
536 2219 597 2284 qui,
617 2224 746 2268 uranontc
763 2232 798 2267 an

79 2305 141 2341 rum
151 2306 297 2342 aureorum
308 2307 369 2354 usu,
381 2291 498 2342 Evocati
509 2292 723 2359 appellarentur,
734 2306 793 2343 exco

81 2366 229 2432 quocirca
248 2365 403 2416 cubiculum
423 2382 502 2417 sinim
526 2367 586 2417 vice
608 2367 730 2417 militum
756 2380 788 2433 ag

80 2439 172 2490 litium
184 2455 232 2506 per
242 2441 400 2506 provincias
410 2441 501 2492 edicta
511 2441 629 2504 dimisit,
651 2448 753 2492 auctor
762 2442 784 2492 si

79 2515 269 2581 universisque
290 2516 468 2582 conspirandi
487 2516 582 2579 simul,
603 2523 632 2566 et
644 2522 689 2579 ut,
710 2532 768 2584 qun

78 2589 196 2657 quisque
217 2605 315 2658 opera,
337 2604 506 2641 comumnem
522 2605 634 2641 causam
649 2591 772 2643 iurarem

66 2664 146 2719 idem
156 2665 218 2722 fere
232 2674 345 2738 tompus
357 2664 388 2719 iu
401 2664 552 2719 munitione
564 2665 674 2731 oppidi,
696 2666 768 2733 qum
