1874 3060
144 201 335 251 TIBERIUS.
371 202 450 250 GAP.
470 204 585 250 10-12.
713 201 765 253 121

43 336 160 376 uorem
170 326 207 377 ob
216 325 347 377 libidines
358 332 440 394 atque
450 325 588 377 mulieris
595 323 762 389 demetam,

43 398 165 467 numque
178 400 206 451 ei
217 415 269 451 suo
282 401 394 451 nomine
413 414 449 452 ex
467 400 634 451 anctoritate
645 399 764 466 dugenti

43 486 123 523 oum:
143 478 172 524 et
181 488 339 542 quenquam
349 474 438 525 inetur
446 474 563 538 nunnio,
572 479 665 525 tomen
676 474 762 525 offleii

43 552 198 614 ‚quntum
207 548 238 598 in
247 564 278 600 se
287 554 496 612 esset'exornre
505 547 581 599 iilius
590 552 697 614 putrem
706 545 761 599 fre·

43 620 112 672 ibus
121 621 224 685 literis,
243 622 609 690 etveluteunqnemeritue,
629 620 761 688 quioquid

43 708 85 745 sn
99 695 175 746 dono
189 696 323 761 dedisset,
345 697 503 749 concedere.
541 696 696 748 'Prunnoto
711 709 760 745 eu·

43 768 201 821 ribnnioiee
214 771 361 836 potesteus
379 776 516 837 tempore,
537 768 679 822 confessus
699 774 759 820 ten·

43 840 110 893 nibil
120 843 197 895 uliud
207 860 317 896 seeessn
326 844 590 912 devitassese,quum
597 842 759 896 oemsrletio·

43 916 154 969 mCeio
159 916 304 986 Lucioque
313 919 508 986 suspicionem,
513 919 602 986 petiit,
611 923 644 969 ut
652 918 707 969 sibi
716 932 758 969 se·

43 991 97 1043 inm
108 992 144 1042 eb
154 989 209 1043 hoe
216 999 307 1058 perte,
319 993 508 1045 corroboratis
518 990 562 1043 bis
571 999 600 1044 et
608 992 758 1045 seeundum

44 1063 148 1117 rieefle
157 1067 320 1130 nitentibus,
326 1068 528 1133 permitteretur
536 1066 656 1119 revisere
664 1080 757 1117 neees-

44 1154 109 1203 nes,
131 1154 247 1207 querum
260 1140 398 1193 desiderio
412 1146 559 1192 teneretur.
598 1139 652 1192 Sed
669 1154 758 1207 neque

44 1214 132 1277 revit,
153 1213 283 1282 ultroque
295 1215 379 1266 etism
393 1215 551 1267 admonitus
565 1219 608 1266 est
620 1213 758 1265 dimittere

44 1302 70 1339 ιιι
80 1302 176 1339 eurem
186 1303 313 1353 suornm,
328 1304 398 1357 quos
412 1294 469 1340 tam
483 1288 581 1356 eupide
590 1287 757 1355 reliquisset.

44 1360 79 1412 ΙΙ.
102 1361 247 1414 Remensit
263 1377 328 1430 ergo
347 1361 440 1415 Rhodi
459 1368 556 1415 eontra
578 1359 757 1425 voluntatem,

44 1442 195 1487 ermatrem
206 1441 380 1500 consentitur,
400 1443 432 1488 nt
441 1435 629 1488 edvelnndum
639 1436 758 1503 ignomi-

49 1510 135 1577 quesi
148 1510 256 1577 legatus
266 1510 302 1562 ab
316 1511 439 1578 Augsnto
454 1511 571 1562 abesset.
609 1509 757 1561 Enimvero

44 1598 93 1636 ron
105 1584 244 1651 privatum
254 1584 347 1649 modo,
353 1585 401 1637 sed
411 1586 496 1638 etiem
507 1583 657 1635 obnoxium
667 1589 696 1634 et
703 1588 757 1633 tre·

44 1658 138 1725 uegit,
158 1658 365 1710 mediterraneis
380 1659 455 1727 egris
469 1657 593 1721 obditos,
612 1655 758 1721 vitansque

44 1732 262 1798 srnevigantium
284 1733 389 1797 officio,
414 1734 514 1801 quibus
532 1729 759 1798 frequentabatur

44 1806 197 1870 ne‚nendne
208 1822 269 1857 oum
278 1807 395 1873 irnperio
406 1813 455 1859 aut
463 1802 758 1875 magistratutendento

44 1894 115 1943 ιιιιι,
127 1880 195 1947 quin
206 1880 352 1933 diverteret
358 1879 495 1933 Rhodum.
533 1881 571 1931 Et
584 1883 759 1933 aceessemnt

44 1953 292 2006 issoldunensis
310 1969 420 2006 eumue.
457 1955 582 2025 Namque
602 1955 758 2022 privignum

44 2044 73 2093 ιι,
94 2028 205 2080 Orienti
222 2029 424 2095 praepositum,
443 2045 527 2098 quum
545 2029 652 2083 visendi
665 2029 758 2096 gretie

44 2103 117 2155 isset
130 2102 258 2166 Samum,
279 2103 439 2154 alieniorem
453 2105 508 2155 sibi
520 2105 606 2157 sensit
619 2118 653 2155 ex
667 2102 758 2155 erind-

44 2177 124 2229 nibus
133 2176 175 2227 M.
185 2175 283 2240 Lollii,
294 2177 404 2229 comitis
414 2183 441 2228 et
450 2179 566 2230 rectoris
576 2179 645 2230 eius.
674 2176 759 2228 Venit

54 2251 86 2302 in
96 2251 294 2318 suspiriorum,
304 2266 353 2317 per
363 2251 497 2318 quosdern
506 2251 634 2304 beneficii
643 2250 688 2301 sui
697 2264 758 2300 oen-

44 2338 97 2389 nes,
108 2339 126 2376 ι
136 2330 295 2377 commeatu
303 2330 396 2376 oestro
404 2332 571 2392 repetentes,
580 2323 713 2376 mundato
722 2321 759 2372 ed

45 2397 120 2451 iures
130 2398 242 2451 dedisse
252 2398 390 2464 ambiguo,
402 2405 431 2450 et
439 2415 510 2467 queo
518 2404 626 2451 tentore
635 2393 758 2463 singulo·

45 2472 341 2525 nimosednovesrss
350 2472 516 2525 viderentur.
552 2469 758 2538 Dequasuspi·

53 2549 160 2599 eertior
174 2546 211 2597 eb
221 2545 344 2612 Augusto
357 2544 449 2598 foetos
462 2563 519 2600 non
528 2545 646 2598 cessavit
655 2542 758 2611 effingi·

45 2620 154 2690 'liquem
164 2619 313 2673 cuiuslibet
322 2619 429 2673 ordinis
439 2619 582 2673 enstodem
589 2617 671 2671 foetis
677 2623 759 2688 etque
