1874 3060
110 205 160 259 ²26
390 208 417 255 G.
438 206 624 288 suasurus

110 332 224 384 nonnisi
233 329 634 394 vicissim,tumLueios‚tnm
646 330 744 381 Cneos.
783 327 904 383 Plurese

110 406 219 458 familia
230 406 362 473 cognosci
370 404 473 457 referre
483 405 616 469 arbitror,
632 420 687 472 quo
697 403 810 455 facilius
821 419 902 472 appa

110 487 172 533 reat
184 480 225 531 ita
241 479 420 547 degenerasse
440 495 457 530 a
476 493 589 531 suornm
602 479 751 530 virtutibus
765 477 855 543 Nero,
874 485 904 530 ut

109 561 201 606 tamen
214 554 283 606 vitia
298 553 442 620 cuiusque,
458 553 539 620 quasi
551 552 656 604 tradita
670 558 699 604 et
712 553 849 620 ingenita,
863 569 902 605 re·

109 628 212 681 trderit.

165 702 200 753 11.
220 703 258 754 Ut
266 701 352 768 igitur
366 700 460 768 paullo
477 699 560 752 altius
578 705 714 768 repetam,
735 706 835 752 atomis
855 700 901 752 cn.

109 776 250 828 Domitius
263 776 293 825 in
306 774 450 826 tribunatu
467 775 646 842 pontificibus
660 773 809 839 offensior,
830 775 903 843 quod

110 850 195 902 alium
210 865 292 918 qnam
306 865 336 900 se
349 849 379 900 in
392 850 480 916 patris
494 849 537 900 sui
552 849 644 901 locum
659 855 850 917 cooptassent,
860 850 902 901 ius

109 923 285 976 sacerdotum
299 923 537 991 subrogandorum
552 938 571 973 a
585 922 709 990 collegiis
724 923 761 975 ad
771 923 902 991 populum

108 998 263 1050 transtulit:
274 1013 308 1050 ac
316 998 346 1049 in
357 997 511 1062 consulatu,
521 997 902 1068 Allobrogibusammisque

108 1072 260 1140 superatis,
275 1070 420 1140 elephanto
431 1087 481 1138 per
488 1071 659 1138 provinciam
669 1078 763 1124 vectus
773 1078 831 1136 est,
845 1077 902 1125 tur·

107 1148 146 1200 ba
158 1147 290 1212 militum,
306 1147 387 1214 quasi
402 1147 475 1197 inter
490 1146 636 1198 sollemnia
649 1145 795 1213 triumphi,
810 1161 902 1214 prose-

111 1228 219 1292 quente.
257 1221 289 1272 ln
303 1219 374 1271 hunc
385 1221 456 1272 dixit
468 1219 594 1272 Licinius
605 1222 720 1272 Crassus
731 1227 840 1286 orator,
851 1237 902 1273 uon

108 1312 163 1348 esee
176 1295 339 1357 mirandum,
351 1295 421 1361 quod
433 1310 542 1347 aeneam
557 1295 665 1347 barbam
679 1294 801 1359 laederet,
817 1294 862 1348 cus'
874 1311 901 1347 os

101 1369 237 1438 ferreum,
253 1386 300 1422 cor
309 1369 459 1438 pumicum
472 1376 546 1422 esset.
585 1369 677 1421 Huiru
695 1370 770 1421 filisu
789 1375 902 1438 praetor

109 1444 139 1496 C.
159 1445 305 1496 Gaesarem
325 1445 470 1496 abeuntem
490 1443 648 1508 consolatu,
669 1460 749 1512 quem
771 1445 902 1497 adrasus

108 1520 235 1588 auspicia
244 1519 373 1591 legesque
382 1519 501 1587 gessisse
511 1519 735 1584 existimabatur,
750 1519 787 1570 ad
797 1519 902 1587 disqui-

108 1595 236 1647 sitionem
247 1600 358 1646 senatus
369 1593 498 1646 vocavit:
517 1608 583 1646 mox
597 1593 694 1646 consul
706 1594 902 1662 inperatorem

108 1670 143 1720 ab
154 1670 320 1722 exercitibus
331 1668 448 1720 Gallicis
456 1667 597 1721 retrahere
604 1669 734 1721 tentarit=
744 1683 901 1722 successor·

108 1760 160 1812 qne
179 1745 207 1796 ei
226 1759 275 1813 per
294 1743 443 1811 laedonem
461 1743 633 1808 nominatus,
652 1743 791 1812 principio
811 1742 902 1796 civilis

105 1819 174 1871 belli
196 1818 233 1870 ad
251 1818 408 1869 'corfinium
432 1823 528 1884 eaptus
552 1823 602 1869 est.
659 1817 737 1870 Unde
756 1817 902 1882 dimissus,

106 1891 295 1944 Massilienses
305 1892 450 1945 obsidione
459 1891 618 1944 laborantes
627 1907 710 1960 quum
720 1891 902 1945 adrentnsuo

108 1967 309 2029 confirmasset,
342 1971 454 2034 repente
482 1964 620 2030 destituit,
650 1967 764 2035 acieque
792 1967 903 2020 demum

106 2038 270 2093 Pharsalica
281 2041 423 2093 occubuit:
436 2040 578 2109 virneqne
588 2042 658 2094 setis
668 2047 813 2106 constans,
823 2043 902 2094 stin·

105 2115 187 2183 genio
201 2117 289 2167 truci:
306 2116 336 2167 in
350 2115 541 2183 desperatione
554 2131 659 2180 rernm,
669 2121 787 2168 mortem
800 2117 903 2168 umore

106 2190 256 2258 appetitam
270 2191 311 2242 ita
325 2191 448 2257 expavit,
464 2196 497 2242 ut
513 2189 641 2242 baustum
655 2206 789 2243 venenum
805 2191 902 2260 poeni·

104 2265 194 2316 tentia
212 2266 375 2329 evomuerit,
394 2265 583 2333 medicumque
602 2265 805 2330 manuntiserit,
825 2265 902 2334 qnod

105 2340 161 2391 sibi
179 2340 298 2406 prudens
318 2355 352 2391 ac
370 2340 460 2391 sciens
479 2340 569 2392 minus
582 2341 696 2392 noxium
709 2346 902 2409 temperasset.

106 2414 287 2466 consultante
302 2420 393 2466 autem
408 2413 457 2465 Gn.
472 2413 605 2480 Pompeio
625 2415 660 2466 de
672 2414 774 2466 mediis
788 2430 822 2467 ac
836 2430 902 2468 nen·

104 2495 177 2540 tram
191 2495 297 2557 portem
311 2488 501 2560 sequentibus,
514 2488 593 2542 solus
603 2489 711 2542 censuit
718 2487 844 2543 Ιιοεὶίωιι
851 2504 902 2542 uu·

105 2579 180 2615 mero
191 2563 341 2616 habendos.

141 2637 190 2689 ΙΙΙ.
214 2637 337 2708 Reliqsdt
350 2637 449 2703 fllium,
468 2639 597 2691 omnibus
613 2638 704 2707 gends
717 2654 786 2692 snae
799 2639 902 2708 procul

94 2712 421 2802 dubiopraeierendum.
456 2711 901 2770 lsintetconsciosflsesarlaase

35 2798 58 2884 l
