1874 3060
210 212 213 219 '
242 204 357 252 OTHO.
394 205 591 255 clue-12
729 223 730 226 ’
759 206 810 259 dit

42 329 112 382 avit.
137 327 242 381 Divisit
252 334 279 380 et
287 328 420 396 pecunias
429 328 588 381 domesticis
599 344 632 382 ex
643 330 724 399 copie
731 346 811 400 pras.

42 404 98 457 uti.

70 476 123 530 xl.
143 477 232 544 Atque
240 476 283 527 ita
291 482 407 543 paratur
414 479 590 546 intentusque
598 479 655 531 iam
665 480 758 543 morti,
767 486 810 531 tu-

42 553 108 605 ultu
119 552 195 604 inter
205 566 298 625 morer
312 556 424 616 exorto,
441 558 474 603 ut
487 568 548 617 eor,
567 553 617 621 qul
631 552 771 605 discoduc
783 560 812 605 et

42 628 97 680 bite
110 624 291 693 coeptabant,
301 626 406 692 corripi
416 627 496 694 quasi
506 627 672 692 desertores,
682 627 811 679 detineri

42 700 186 754 mseusitr
206 698 382 762 Attendamus,
393 700 496 768 inquit,
505 701 576 752 citae
585 701 809 764 etbauceoettn,

42 776 145 844 lsipris
157 773 327 841 totidemque
340 775 443 839 verbis,
458 776 599 843 vetuitque
611 777 666 827 vim
681 776 811 842 cuiquem

42 851 97 903 erl:
117 854 146 902 et
164 847 195 899 iu
214 864 304 900 serum
323 864 411 916 usque
429 855 539 916 petente
554 850 681 902 cubiculo
686 888 695 914 ,
709 851 735 900 si
749 850 810 919 quis

42 923 202 987 llrevellet,
212 928 376 990 potestatem
386 923 431 973 sul
439 924 575 991 praebuit.
603 923 672 976 Post
680 923 757 989 baec,
769 941 810 976 se·

42 1006 84 1051 ata
93 998 144 1050 siti
152 996 261 1064 gelidae
271 1012 359 1064 aquae
368 997 494 1064 potione,
506 998 623 1065 arripuit
633 999 702 1050 dnos
712 999 810 1067 pugio-

42 1090 78 1139 ει,
93 1078 124 1125 et
132 1071 278 1139 explorata
286 1071 431 1137 utriusque
441 1072 514 1136 acie,
530 1087 613 1139 quum
624 1072 739 1124 alterum
749 1073 809 1142 pul-

42 1150 81 1201 iuo
96 1145 280 1209 subdidisset,
292 1144 401 1197 foribus
412 1146 551 1215 adopertis
563 1147 701 1199 artissimo
712 1162 809 1198 somno

42 1222 132 1275 uerit.
171 1219 208 1271 Et
218 1219 292 1270 circa
301 1218 390 1272 lucem
401 1221 508 1272 demum
518 1221 737 1290 expergefactus,
752 1237 808 1272 uuo

42 1294 174 1349 ttr’elocit
185 1295 244 1345 ictu
256 1293 330 1344 iufra
347 1293 454 1347 laevam
467 1297 599 1365 papillam
611 1315 617 1347 :
637 1297 810 1365 irrumpenti·

42 1384 124 1441 usquo
134 1368 171 1420 ad
180 1369 298 1436 primum
307 1369 450 1436 gemitum,
460 1371 543 1421 modo
556 1371 659 1435 celans,
669 1372 752 1423 modo
764 1371 810 1422 de·

42 1460 112 1514 gens
125 1443 251 1511 plegem,
261 1443 433 1494 exanimatus
443 1448 496 1506 est,
508 1449 536 1494 et
545 1445 669 1495 celeriter
684 1449 759 1508 (uem
768 1446 810 1495 ite

42 1519 209 1586 acceperet)
228 1515 384 1581 itineratus,
398 1518 538 1568 tricesimo
555 1523 582 1568 et
595 1524 693 1569 octavo
710 1519 809 1569 aetatis

42 1608 104 1659 tuo,
115 1591 331 1659 etnonugesimo
342 1597 370 1642 et
379 1592 474 1660 quinto
484 1591 595 1658 imperii
602 1590 656 1642 dle.

71 1667 136 1721 ΧΗ.
156 1667 249 1717 Tanto
269 1664 385 1717 Othonis
405 1666 497 1716 animo
517 1680 690 1733 nequaqnam
710 1680 810 1734 corpus

42 1749 65 1795 rt
76 1740 192 1794 babitus
207 1740 356 1808 competiit.
394 1739 492 1790 Fuisse
502 1740 574 1790 euim
587 1739 706 1790 traditur
716 1745 743 1791 et
751 1755 810 1791 mo·

42 1819 97 1870 icae
112 1821 249 1879 staturae,
264 1821 292 1866 et
304 1814 376 1865 male
390 1815 506 1881 pedatus
516 1815 714 1881 scambusque:
733 1829 810 1865 mun-

42 1894 150 1945 itiarum
160 1905 226 1942 vero
237 1904 323 1956 paene
333 1888 520 1953 muliebrium,
530 1889 610 1940 mrlso
622 1903 751 1957 corpore,
761 1902 810 1958 ga-

42 1966 134 2019 rlculo
150 1965 236 2033 capiti
248 1971 361 2032 proptor
370 1965 510 2015 raritatem
523 1963 685 2032 capillorum
697 1964 810 2032 adapta·

42 2060 47 2090 ι
60 2048 90 2095 et
105 2054 226 2104 annexu,
237 2044 269 2089 ut
281 2053 360 2089 nemo
377 2038 567 2105 dignosceret:
588 2040 654 2108 quin
668 2045 696 2091 et
710 2039 810 2092 leuem

42 2115 143 2169 rotldie
157 2113 286 2177 rasitare,
299 2128 332 2164 ec
341 2127 412 2181 pauc
421 2113 533 2164 madido
543 2113 629 2165 linere
640 2121 809 2178 consuetum,

42 2204 100 2259 ‚que
113 2187 268 2240 luetimisse
283 2203 300 2238 e
313 2186 403 2255 prima
415 2187 557 2254 lanugine,
571 2203 606 2239 ne
619 2189 751 2240 barbatus
760 2205 809 2239 uu-

42 2280 101 2315 ram
114 2269 205 2316 esset:
225 2277 306 2313 sacra
320 2260 403 2313 etiam
417 2260 499 2313 Isidis
513 2278 595 2330 saepe
607 2263 637 2313 in
651 2262 737 2313 lintea
746 2262 809 2312 reli-

42 2352 152 2408 usaque
164 2344 241 2389 reste
254 2335 399 2404 propalam
414 2335 575 2389 celebrasse.
616 2335 670 2387 Per
684 2350 755 2404 quae
768 2333 809 2385 fa-

42 2428 93 2465 utu
103 2416 210 2480 putem,
224 2417 257 2462 ut
269 2425 343 2462 mors
354 2409 426 2473 eius,
440 2410 551 2464 minime
562 2425 714 2478 congruens
722 2408 809 2472 vitae,

44 2488 119 2540 eiorl
128 2486 264 2537 miraculo
274 2485 365 2536 fuerit
404 2484 489 2537 Multi
498 2485 681 2554 praesentium
691 2482 810 2534 militum

42 2578 78 2613 uu
94 2561 214 2631 plurimo
229 2560 296 2612 lletu
308 2573 404 2609 manus
419 2574 452 2611 ac
469 2560 552 2627 pedes
566 2558 681 2609 iacentis
696 2571 810 2609 exoscu-

42 2637 80 2702 tl,
92 2634 271 2707 sortiremum
280 2634 376 2696 sirum,
387 2632 494 2687 aeuum
506 2633 689 2700 imperatorem
702 2629 810 2699 praedi·

42 2718 124 2777 untes,
134 2708 238 2763 ibidem
248 2709 341 2763 statim
350 2723 401 2761 uec
410 2707 508 2779 procul
519 2722 614 2776 erogo
624 2707 680 2760 vim
694 2707 809 2759 maevi·
