1822 3068
187 123 444 176 octavianus.
480 124 559 169 cll.
577 125 692 169 11-16.
804 120 837 171 bi

10 184 16 268 l

11 270 16 319 t
61 254 156 309 buon
164 248 338 309 reducendos
352 252 380 299 et
392 244 605 313 municipalibus
615 247 689 313 agris
700 246 838 301 collum.

63 326 269 395 imcoepisset,
288 337 378 390 neque
390 318 582 373 veteranorum
596 334 683 388 neque
697 337 838 390 possesso.

64 418 109 455 ran
118 402 234 470 mam
244 397 347 457 tenorit3
367 394 470 458 alteris,
481 394 548 462 pelli
558 410 595 457 se,
608 392 710 458 ulteris,
721 411 777 447 non
787 410 836 463 pro

10 530 14 547 ,
66 476 265 545 memeritorum
274 468 596 538 nouamquerentibns.

10 589 18 620 :-
107 548 176 603 xlv,
196 549 259 609 Quo
274 552 398 612 tempore
407 543 441 595 L.
452 543 614 606 Antonium,
629 541 732 593 fiducia
743 557 839 595 consu·

10 652 19 694 ·,
68 625 213 694 lamonem
224 620 348 690 gerebat,
359 634 392 669 ac
401 617 539 669 fraternae
548 617 689 685 potentiae
699 631 743 667 res
752 631 839 667 novas

10 724 18 769 p
68 699 216 762 molientem,
228 693 378 761 coningere
386 691 529 745 Perusiam
539 690 631 759 cotgit
640 696 668 743 et
677 690 712 741 ad
723 689 838 742 deditio·

10 810 16 841 :
68 788 113 826 nen
125 773 195 825 fame
210 769 358 839 compulitc
376 782 432 821 non
445 773 537 818 tamen
550 766 609 817 siue
623 765 730 833 magnis
744 765 840 817 suiset

16 884 19 889 -
70 854 115 901 aab
131 847 232 899 bellum
247 850 276 897 et
288 843 319 895 in
332 842 405 894 belle
420 840 632 893 discriminibus.
670 839 742 891 Nam
757 853 841 908 quum

10 958 19 991 ς,
69 921 205 991 pemaccnlu
215 918 345 971 ludorum
354 916 509 984 gregarium
518 915 645 978 militem,
665 914 695 965 in
710 919 840 982 quatuor-

70 995 136 1049 eeu
147 994 291 1049 ordinibus
300 991 451 1054 sedentem,
470 990 587 1041 excitari
596 1004 645 1056 per
655 989 840 1057 apparitorem

10 1092 18 1137 :2
69 1070 186 1135 iudsset,
206 1082 319 1121 rumore
337 1065 372 1117 ab
393 1063 624 1119 obtrectatoribus
639 1061 739 1125 dilato,
761 1061 841 1129 quasi

10 1178 16 1209 ,
70 1146 163 1199 euleu
172 1157 239 1197 mox
250 1140 446 1193 meneutam
455 1143 588 1201 necasset,
599 1137 741 1189 urinimum
752 1134 842 1187 abierit

70 1219 229 1289 quisperiret
239 1230 376 1268 concursu
388 1219 417 1265 et
427 1212 618 1279 indignatione
632 1212 729 1263 turbae
739 1209 841 1261 milita-

10 1326 15 1353 ,
69 1294 105 1345 ris.
137 1293 229 1349 Saluti
242 1290 309 1354 fuit,
325 1287 412 1358 quod,
433 1287 482 1356 qui
491 1285 710 1349 desiderabatur,
731 1288 841 1352 repente

10 1400 17 1431 ;,
70 1363 405 1437 mnporuitincolnmisao
419 1362 477 1412 sine
491 1360 603 1411 minima.
642 1357 841 1411 CircaPerusi·

10 1474 15 1505 c
69 1456 120 1495 num
132 1448 224 1495 autem
237 1453 345 1491 mamm
359 1436 518 1487 sacrificans
528 1448 614 1500 paene
624 1434 791 1501 interceptus
801 1436 843 1483 est

10 1548 12 1577 :
68 1529 162 1569 tmann
169 1514 366 1584 gladiatorum,
378 1524 448 1578 quae
460 1506 562 1575 oppido
574 1513 708 1574 eruperat.

109 1590 166 1647 xl.
189 1587 307 1640 Perusia
326 1590 419 1653 capta,
439 1582 469 1633 in
488 1579 623 1649 plurimos
642 1578 843 1641 animadvertit,

68 1678 134 1721 omre
150 1663 260 1717 veniam
278 1659 323 1712 uel
341 1671 473 1711 excursare
486 1670 516 1705 se
532 1653 695 1705 conantibus
707 1666 763 1701 una
776 1666 843 1703 voce

68 1752 212 1803 taunucus,
233 1732 467 1787 moriendumesse.
507 1728 636 1780 Scribant
646 1725 770 1795 qnsidam,
790 1730 843 1776 tre·

67 1818 147 1867 cotos
166 1826 201 1865 ex
221 1808 361 1861 dediticiis
375 1804 489 1867 electos,
510 1802 654 1870 utriusque
669 1799 787 1863 ordinis,
809 1798 844 1849 ad

66 1900 131 1939 uana
142 1886 216 1941 Divo
231 1882 304 1934 lulio
323 1884 489 1933 eutructam
503 1876 597 1927 idibus
610 1875 720 1927 Martiis
741 1872 844 1927 hostia-

65 1974 114 2013 lnrs
131 1975 209 2013 more
231 1961 378 2009 mamatos.
415 1951 599 2015 Exstitersmt,
624 1951 673 2020 qni
694 1950 843 2013 traderent,

66 2036 179 2089 consulto
190 2048 253 2086 eum
264 2031 299 2083 ad
311 2044 388 2081 mma
395 2028 464 2091 isse,
484 2031 517 2077 nt
527 2024 629 2077 occulti
638 2025 802 2089 adversarii,
818 2030 846 2075 et

66 2115 224 2178 qncsmetus
232 2106 321 2173 magis
337 2118 418 2172 quam
431 2101 561 2153 voluntas
575 2099 738 2164 contineret,
758 2097 844 2150 facul-

66 2184 154 2237 aab.
164 2180 282 2235 Antonii
294 2178 372 2231 ducis
385 2175 525 2245 praebita,
546 2174 746 2242 detegerenuu3
771 2172 844 2225 devi-

66 2258 160 2327 ctisque
173 2256 219 2309 lus
233 2261 262 2307 et
275 2251 445 2316 confiscatis,
465 2248 602 2318 promissa
616 2248 752 2301 veteranis
765 2260 845 2313 prae-

66 2331 349 2402 nispersolverentur.

110 2406 184 2459 XVI.
203 2403 312 2456 Bellum
327 2398 449 2453 Siculum
467 2397 610 2449 inchoavit
625 2393 778 2464 inprimis,
797 2390 846 2443 sed

68 2478 108 2533 din
113 2481 207 2544 uerit,
217 2475 403 2529 intermissum
413 2470 621 2540 saepius,medo
632 2466 846 2537 reparandarum

68 2553 186 2609 ὼιιίιιω
201 2566 298 2615 cauma,
319 2564 388 2619 quas
400 2546 608 2614 tempestatibus
623 2541 727 2610 duplici
736 2538 846 2591 nauita-

67 2629 117 2695 gio,
137 2626 284 2698 ecquidem
296 2639 345 2694 per
354 2625 498 2686 aestatem,
520 2619 661 2680 amiserat,
682 2613 765 2666 modo
780 2630 847 2683 pace
