1822 3068
111 185 161 239 336
387 186 414 231 G.
440 183 630 232 suanam!

114 326 175 364 eum
188 324 284 378 posse,
296 307 370 376 qnod
385 312 526 360 exarrnats
540 311 614 359 esset
628 321 647 357 a
660 306 735 359 lore.
773 306 851 359 Nulla
860 314 892 359 ta·

114 401 176 436 men
190 400 220 435 re
235 383 348 451 perinde
362 387 454 433 monus
468 389 521 446 est,
543 396 628 448 qnam
641 396 777 449 responso
792 397 892 451 casuque

113 458 311 510 Ascletarionis
325 455 521 508 mathematici.
559 456 643 507 Hunc
656 455 792 520 delatum,
805 457 891 509 necin·

114 534 247 584 ituantem
256 532 376 582 iactasse
385 546 424 595 se,
434 544 505 599 qnae
515 529 685 596 providisset
694 545 729 582 ex
739 537 806 594 arte,
815 530 889 582 susd-

113 613 188 658 tatus
203 611 256 670 est,
278 606 339 673 quis
357 605 447 671 ipsum
461 609 585 662 maneret
597 603 712 656 exitus?
731 612 760 657 et
774 605 888 669 affirmen-

113 677 888 768 tem,fpre,utbremlaceroremracambas,1nterdeiqu·

115 754 209 806 dem
187 769 246 805 srne
256 768 343 816 mora,
354 752 403 804 sed
413 753 450 804 ad
460 752 663 819 coarguendam
672 754 848 807 somenae·
855 764 886 801 tr·

113 829 162 892 tis,
174 827 286 894 sepeliri
295 842 405 895 quoque
415 826 622 878 accuratissime
631 827 789 894 imperavit.
824 822 886 887 aad

115 917 198 969 quum
208 902 297 965 tieret,
309 901 410 965 evenit,
421 907 464 965 ut,
475 901 618 967 repentina
628 906 792 969 tempestate
800 900 884 952 daem

114 975 218 1039 funere,
229 975 388 1026 semiustum
399 975 517 1026 cadaver
526 974 717 1042 discerperent
726 991 814 1040 canes,
822 973 884 1039 idque

114 1050 141 1100 ei
161 1050 290 1102 coenanti
308 1064 326 1099 a
344 1049 428 1100 mimo
448 1047 560 1112 Latino,
581 1049 631 1115 qni
647 1050 816 1117 praeteriens
830 1046 884 1099 torte

114 1123 357 1186 animadverterat,
367 1123 439 1174 inter
449 1129 553 1173 ceteras
563 1121 620 1173 diei
629 1122 743 1175 fabulas
752 1122 882 1176 rumen·

169 1196 242 1247 xvl.
262 1195 356 1246 Pridie
367 1211 448 1262 quam
458 1196 571 1264 periret,
583 1212 667 1264 quum
679 1195 883 1250 oblatostnbera

114 1270 218 1320 servari
227 1270 354 1320 iussisset
363 1270 392 1319 in
403 1271 565 1334 crastimuu,
577 1270 691 1335 adiecit,
702 1270 735 1322 a·
742 1264 883 1323 mestit>

114 1341 217 1395 cuerit.-
237 1349 264 1394 et
276 1358 424 1394 conversus
438 1344 474 1394 ad
491 1345 635 1410 proximos
648 1344 806 1409 affirmarit,
821 1340 881 1401 Μ

113 1426 146 1468 at
154 1417 273 1484 sequenti
281 1417 323 1468 die
331 1416 411 1469 Lana
420 1434 448 1469 se
456 1417 485 1469 in
490 1417 611 1484 Aquario
620 1417 881 1490 memmasce*

114 1508 163 1559 que
177 1491 285 1559 aliquod
293 1491 439 1554 exsisteret,
452 1493 483 1542 de
493 1507 543 1558 pue
554 1493 724 1558 loquerentur
733 1492 840 1545 tonas
845 1502 882 1557 Ν

115 1576 247 1618 terraram
262 1567 357 1618 orbem.
397 1567 478 1617 Circa
490 1566 610 1618 mediam
623 1574 736 1620 noctem
754 1569 795 1619 ite
805 1570 880 1618 estex·

113 1643 280 1705 territus,ut
290 1656 323 1692 ex
333 1647 420 1692 strato
431 1640 580 1708 prosiliret.
619 1637 881 1694 Debinemanebsn·

115 1716 217 1782 spieem
231 1730 265 1767 ex
280 1715 428 1766 Gennania
441 1715 567 1778 mnsam,
587 1716 638 1783 qui
651 1716 792 1773 consultas
804 1714 833 1765 de
842 1708 881 1762 ru·

114 1805 181 1857 gure
196 1791 375 1841 mutationem
389 1804 480 1841 rerum
494 1789 683 1855 praedixerat,
699 1791 789 1841 audiit
805 1784 881 1841 cande

114 1864 279 1932 mnevitqne.
307 1864 346 1914 Ac
357 1863 420 1914 dum
431 1862 614 1914 exulceratam
624 1864 655 1914 in
664 1863 757 1916 fronte
766 1872 882 1915 venatu

113 1935 298 1988 vehementius
317 1937 428 2003 scalpit,
449 1935 600 2004 profluente
620 1939 767 2005 sanguine,
790 1934 881 1992 ΠΜ

114 2010 216 2077 inquit,
227 2009 374 2061 haetenus!
411 2012 489 2061 Tunc
499 2008 582 2062 horas
591 2013 757 2078 requirenti,
768 2026 815 2080 pro
824 2007 881 2077 quit·

114 2090 160 2147 ta,
172 2098 254 2149 quam
268 2085 419 2149 metuebat,
430 2090 508 2136 sexta
517 2099 551 2135 ex
563 2084 703 2137 industria
716 2085 880 2137 nunciatam

114 2158 167 2208 His
186 2158 262 2209 velut
280 2164 420 2209 transacto
440 2160 496 2209 iam
509 2159 632 2226 periculo
646 2159 763 2225 laetum,
776 2159 881 2211 foranu

114 2239 222 2301 temque
251 2232 286 2282 ad
316 2234 441 2298 corporis
465 2247 569 2294 cruam,
590 2231 757 2286 Parthenius
780 2226 881 2286 motato

114 2308 289 2393 praepositus
304 2307 450 2370 convertit,
470 2307 616 2370 nuncians,
638 2323 705 2371 me,
722 2308 770 2375 qai
781 2314 881 2376 mugit!

114 2381 200 2432 neseio
215 2381 279 2447 qaid
291 2379 414 2449 afferret,
430 2397 477 2432 nec
496 2378 681 2448 differendum.
720 2383 814 2453 ltaque
829 2390 880 2431 ta*

113 2455 197 2506 motis
208 2455 352 2506 omnibus'
343 2471 373 2506 m
384 2454 538 2506 cubiculum
549 2471 578 2506 se
588 2457 706 2553 recepit,
720 2464 801 2525 atque
809 2454 844 2507 ibi
851 2463 881 2503 tt·

113 2529 246 2580 cisusest.

167 2601 227 2652 Vll.
248 2603 291 2654 De
304 2604 467 2655 insidiarum
483 2603 629 2672 caedisque
643 2619 745 2672 genere
765 2604 828 2657 baec
842 2598 881 2651 fat

105 2675 255 2750 divulgata
269 2686 343 2734 sunt
381 2677 578 2733 cunctantibus
598 2680 783 2750 conspiratis,
796 2671 880 2750 quatit
