1874 3060
141 186 253 236 ranno.
288 188 368 236 ose.
386 189 427 236 aa.
444 191 485 234 so.
657 184 710 239 2⁵8

49 316 257 380 gestnnotaret.
295 307 708 379 Histrionemetpllilosoplsnm

47 386 211 453 ilamplios,
232 400 314 452 qnam
323 387 398 437 Urbe
406 385 543 453 italiaque
551 387 709 450 movit,

48 466 126 527 mptu
135 461 224 511 omnis
233 458 377 523 infamiae,
397 458 441 511 vel
454 475 489 510 ne
501 457 616 519 incudo
629 459 709 511 dolo·

47 534 231 601 aretingenia.

50 607 148 659 Talem
161 608 313 675 principem
327 607 422 675 paullo
436 607 528 658 minus
542 607 709 676 quatuorde-

47 698 222 749 usperpessus
230 682 448 734 terrarumorbis
456 680 708 746 tandemdostitnit,

47 756 204 808 ‘scientibus
218 754 321 821 Gallis,
342 756 411 808 duce
423 755 495 807 lulio
510 754 640 820 Vindice,
660 756 710 824 qni

53 830 223 898 provinciam
232 844 283 897 pro
298 837 426 897 praetore
437 830 587 882 obtinebat.
625 828 709 881 Prae-

48 921 57 956 t
73 903 275 956 mathematicis
294 904 401 955 Neroni
419 903 486 955 olim
505 908 578 969 erat,
597 902 659 957 foro
676 911 710 956 nt

48 995 80 1030 ne
90 979 295 1030 destitueretur:
313 977 580 1030 undeillavoxeins
590 978 709 1031 celeber·

58 1051 159 1112 τεχνέων
168 1053 242 1100 πᾶσα
251 1049 425 1117 ,saeptae-
445 1067 500 1120 quo
515 1053 621 1103 maiore
634 1052 708 1103 scili-

58 1126 238 1178 nreditaretur
248 1123 463 1178 citharoedicam
474 1131 574 1189 artem,
589 1124 709 1193 principi

48 1215 108 1264 am,
132 1200 241 1266 privato
265 1202 457 1252 necessariam.
496 1199 709 1268 spoponderant

48 1275 128 1324 [idam
139 1273 271 1325 destituto
278 1274 398 1326 Orientis
409 1275 634 1338 dominationem,
640 1288 708 1326 non·

48 1348 166 1398 minutim
186 1362 299 1415 regnum
318 1349 592 1415 Hierosolymorum,
616 1348 708 1416 plnres

48 1423 157 1473 ristinae
176 1421 305 1476 fortunae
323 1424 535 1474 restitutionem.
575 1422 627 1472 Cui
650 1422 709 1488 spei

61 1496 207 1547 Britannia
223 1497 405 1563 Armeniaque
424 1496 539 1558 amissa,
561 1509 595 1545 ac
613 1509 709 1545 rursus

48 1577 163 1637 recepta,
175 1569 333 1622 deflrnctum
343 1586 372 1621 se
382 1568 515 1620 fatalibus
524 1567 606 1619 malis
616 1567 709 1618 existi·

54 1645 91 1695 Ut
100 1659 174 1708 vero,
186 1644 312 1696 consulto
323 1642 439 1710 Delphis
449 1642 589 1710 Apolline,
600 1644 709 1706 septua-

62 1731 95 1769 ac
108 1719 220 1769 tertium
234 1734 333 1769 annum
350 1717 499 1769 cavendum
519 1715 574 1766 sibi
594 1713 708 1777 audivit,

49 1793 158 1844 demum
169 1793 307 1856 obiturus,
329 1808 362 1844 ac
371 1790 441 1843 nihil
452 1791 610 1842 coniectans
620 1787 654 1839 de
665 1802 709 1838 ae-

48 1882 101 1930 rae,
121 1874 200 1919 tanta
214 1867 316 1918 fiducia
329 1881 386 1919 non
395 1865 479 1918 modo
489 1869 639 1927 senectam,
660 1861 709 1913 sed

48 1948 166 2007 rpetuam
178 1941 397 2009 singularemque
408 1938 708 2007 concepitlelicitatem,

49 2016 75 2066 is
84 2015 230 2082 naufragio
242 2016 449 2082 pretiosissimis
459 2016 553 2079 rebus,
564 2029 620 2066 nou
631 2012 709 2065 dubl·

48 2096 105 2140 oter
125 2105 190 2141 suos
210 2089 314 2152 dicere,
331 2089 418 2156 pirre·
437 2106 481 2141 ear
501 2089 552 2141 sior·
569 2090 707 2141 relaturos.

49 2165 82 2215 de
99 2170 177 2215 motu
192 2162 346 2214 Galliarum
360 2165 491 2231 coguovit
505 2164 549 2215 die
562 2165 638 2230 ipso,
654 2176 709 2230 quo

49 2237 193 2301 reciderat,
216 2237 340 2306 adeoque
351 2237 423 2289 lente
434 2255 467 2290 ac
477 2253 572 2290 secure
581 2236 659 2298 tulit,
679 2239 711 2284 ut

48 2313 154 2363 setiam
165 2313 347 2380 suspicionem
359 2314 512 2378 praeberet,
522 2316 654 2375 tauquam
664 2320 710 2357 oc·

49 2392 108 2436 rata
123 2386 328 2454 spoliandarum
342 2387 402 2438 iure
412 2387 480 2439 belli
490 2381 709 2453 opulentissima·

49 2461 203 2512 unciarum.
242 2460 396 2529 Statimque
409 2462 439 2511 in
458 2457 633 2527 gymnasium
645 2468 709 2521 pro-

49 2542 181 2587 conantes
193 2533 310 2586 athletas
321 2535 488 2586 effusissimo
500 2530 592 2584 studio
603 2534 709 2598 specta·

49 2625 113 2663 eoae
131 2625 240 2678 quoqne
258 2616 381 2675 tempore
400 2606 591 2675 interpellatus
609 2601 710 2655 omul-

49 2701 88 2737 »us
98 2684 195 2752 literis,
206 2682 337 2738 hactenus
346 2678 654 2749 excanduit‘ntmalum
663 2677 709 2742 ils,
