1822 3068
120 202 248 250 mulus
272 201 426 250 CAESAR·
462 204 675 254 canza-26.
761 207 794 260 18

18 324 154 393 periofuit,
174 323 322 378 haeciere.
361 324 474 378 Omnem
486 325 619 393 Gelliam,
640 331 793 398 qnaesaltu

16 399 143 468 Pyrenaeo
153 400 325 468 Alpibusque
340 405 368 452 et
380 407 473 453 monte
485 399 616 454 Gebenna
624 404 792 458 fluminibus-
887 467 890 474 Ι

17 473 158 542 queRheno
170 473 344 527 etRhodano
356 476 524 540 continetur,
535 483 665 544 patetque
675 480 791 533 circuitu

17 549 91 602 addis
100 555 128 601 et
136 549 231 602 tricies
243 554 351 600 centum
365 549 455 601 millia
468 566 613 618 passuum,
628 559 737 620 praeter
746 571 790 607 so·

16 624 63 675 aias
71 639 101 677 sc
109 625 179 677 bene
189 623 304 676 meritas
315 623 454 689 civitates,
464 625 494 675 in
504 627 664 692 provinciae
673 625 790 680 formam

15 697 115 766 redegit,
136 699 218 766 eique
232 697 457 766 quadringenties
470 700 500 750 in
510 701 634 768 singulos
645 717 734 755 annos
743 704 791 754 sti-

14 772 213 839 pendiinomine
221 772 365 840 imposuit
404 771 566 839 Germanos,
577 777 625 843 qni
633 783 710 828 trans
720 775 791 829 Rhe·

12 860 65 899 nun
75 848 214 911 incolunt,
235 848 342 915 primus
354 846 541 900 Romanorum
554 858 638 917 ponte
652 850 789 904 fabricato

13 935 152 989 agressus,
159 921 288 973 maximis
299 919 394 972 affecit
403 921 537 975 cladibus.
556 926 708 993 Aggressus
719 925 788 998 [est]

14 996 201 1060 etBritannos,
218 996 333 1063 ignotos
344 1002 439 1058 antea3
458 1000 649 1067 superatisque
658 1002 789 1068 pecunias

13 1071 316 1137 etobsidesimperevit:
336 1085 386 1138 per
394 1076 438 1122 tot
447 1086 588 1124 successus
597 1080 653 1139 ter,
669 1091 720 1128 nec
734 1091 790 1127 am-

13 1143 79 1210 plius,
90 1145 237 1198 adversum
249 1160 343 1196 casum
353 1151 494 1212 expertus:
505 1147 692 1214 inBritennia,
704 1150 791 1202 classe

13 1219 209 1288 dtempestatis
218 1234 306 1286 prope
317 1219 475 1287 absumpta,
485 1227 515 1275 et
523 1223 552 1273 in
563 1222 665 1288 Gallia,
678 1225 713 1276 ad
724 1222 791 1277 Ger-

13 1294 108 1358 goviam
117 1294 231 1361 legione
239 1293 318 1356 irisa3
337 1294 403 1345 etin
414 1293 613 1348 Germanorum
624 1299 733 1363 tinibus,
743 1300 791 1350 Ti-

13 1368 74 1420 turio
83 1375 111 1421 et
120 1368 308 1420 Aurunculeio
319 1368 418 1436 legatis
429 1384 478 1436 per
486 1371 603 1423 insidias
615 1375 711 1425 caesis.

58 1441 156 1495 xxvi.
177 1442 283 1495 Eodem
297 1445 430 1510 temporis
445 1446 536 1511 spatio
557 1453 672 1499 matrem
691 1449 790 1516 primo,

13 1513 210 1582 deindedliam,
231 1532 282 1569 nec
291 1517 378 1569 multo
388 1524 454 1584 post
466 1525 593 1585 nepotem
609 1523 710 1573 amisit.
748 1523 791 1574 ln·

12 1595 46 1641 ter
61 1607 144 1660 quae,
167 1596 344 1644 consternata
363 1591 396 1642 Ρ.
417 1591 511 1642 clodii
533 1595 617 1645 caede
640 1595 790 1662 republica,

13 1678 81 1731 mum
100 1672 215 1718 senates
234 1681 319 1717 unum
339 1665 491 1730 consulem,
512 1668 729 1736 nominatimque
743 1670 792 1721 cn.

13 1734 170 1808 Pompeium,
182 1741 245 1792 deri
255 1741 415 1805 censuisset,
427 1741 484 1808 egit
494 1757 554 1792 cum
565 1742 684 1793 tribunis
693 1743 791 1809 plebis,

12 1813 134 1883 collegam
144 1831 176 1866 se
185 1814 319 1882 Pompeio
331 1816 540 1881 destinantibus,
551 1818 582 1869 id
591 1818 685 1885 potins
696 1817 732 1869 ad
741 1833 791 1886 po-

11 1888 223 1953 munimem,
243 1895 275 1940 ut
289 1890 398 1949 absenti
416 1890 484 1954 sibi,
505 1892 670 1961 quandoque
682 1893 793 1961 imperii

11 1967 104 2033 mnus
115 1963 226 2032 expleri
236 1964 385 2030 coepisset,
401 1965 498 2031 petitio
509 1968 623 2018 semmdi
633 1969 792 2020 consulatus

10 2034 123 2104 duem,
144 2053 179 2090 ue
193 2053 228 2090 ea
243 2053 328 2090 causa
342 2039 476 2089 maturius
491 2046 519 2091 et
531 2041 692 2109 imperfecto
703 2042 793 2095 adhuc

10 2108 70 2166 ballo
90 2113 247 2166 decederet
287 2113 370 2175 Quod
382 2119 415 2163 ut
424 2113 539 2180 adeptus
549 2123 603 2181 est,
625 2118 793 2171 altiorainm

11 2187 134 2255 mutans
144 2194 173 2240 et
183 2188 244 2256 spei
254 2187 365 2254 plenus,
385 2187 490 2238 nullum
504 2189 660 2258 largitionis
675 2199 724 2245 aut
734 2194 792 2245 offi-

11 2260 103 2315 dorum
122 2264 156 2316 in
176 2277 342 2330 quemquam
367 2276 452 2329 genus
475 2265 585 2330 publice
610 2268 792 2334 privatimque

11 2337 101 2405 emisit.
139 2336 248 2389 Forum
264 2336 299 2387 da
314 2337 451 2389 manubiis
465 2336 618 2392 inchoavit:
640 2343 718 2393 cuius
728 2354 794 2392 area

11 2424 81 2479 uper
99 2412 262 2466 sestertium
282 2410 383 2462 millies
403 2412 536 2464 constitit.
573 2414 674 2467 Munus
688 2413 793 2482 populo

11 2486 162 2557 epulumque
177 2479 375 2555 pronunciavit
387 2486 418 2536 in
432 2487 506 2538 filiae
521 2491 695 2552 memoriam,
717 2488 792 2556 quod

11 2566 60 2614 ute
73 2579 136 2616 eum
151 2575 246 2614 nemo.
288 2559 412 2620 Quorum
425 2567 457 2612 ut
471 2577 553 2629 quam
568 2564 689 2615 maxima
699 2577 793 2631 exspe-

11 2636 80 2691 esto
91 2626 176 2703 esset,
188 2650 224 2689 aa
234 2648 308 2702 quae
318 2634 354 2685 ad
364 2635 475 2702 epulum
484 2638 658 2703 pertinerent,
670 2639 795 2705 quamvis

11 2708 320 2775 metamaucum,
326 2709 410 2763 mam
420 2709 623 2765 domesticatim
633 2714 795 2783 annuebat
