1822 3068
150 668 821 758 Auuiunusrrvrri

404 860 578 871 ——a-

405 871 578 882 ...ι-ιιι·-

154 977 205 1056 Α.
216 998 341 1052 Pansrus
351 1000 484 1051 Functus
493 990 577 1050 natm
588 1001 630 1050 est
639 998 732 1067 pridie
740 996 874 1051 Nonaslle·

98 1071 183 1122 camb.
197 1072 287 1126 Fabio
306 1074 431 1139 Persico,
452 1073 486 1125 L.
503 1071 632 1137 Vitellio,
655 1073 749 1136 Coss.;
779 1070 876 1125 decessit

96 1144 169 1195 Vlll.
180 1146 321 1199 Kalendas
331 1147 460 1199 Decemh.
468 1146 607 1211 P.Marlo,
612 1147 711 1199 Asinio
722 1146 804 1199 Gallo
814 1146 876 1198 Coss.

154 1217 243 1271 Natus
267 1223 296 1272 in
320 1221 433 1274 Etruria
451 1219 626 1285 Volaterris,·
642 1236 728 1290 eques
747 1221 877 1281 Romanus,

69 1336 70 1340 ,
100 1294 233 1358 sanguine
244 1301 271 1346 et
282 1297 415 1348 affinitate
424 1288 508 1364 primi¹
523 1295 629 1346 ordinis
643 1295 713 1347 viris
725 1296 878 1355 coniunctus,

100 1367 218 1420 decessit
228 1369 264 1419 ad
275 1377 402 1422 octavum
412 1369 561 1421 miliarium
570 1369 618 1420 via
626 1369 727 1438 Appia,
737 1370 768 1421 in
777 1367 880 1438 praedis

100 1441 168 1493 suis.
207 1442 291 1496 Pater
301 1446 361 1496 eius
369 1444 488 1495 Flaccus
499 1443 635 1512 pupillum
643 1444 761 1512 reliquit
770 1443 880 1503 morlens,

101 1531 237 1569 annorum
255 1517 313 1570 fere
333 1533 389 1570 sex.
427 1517 527 1569 Fulvia
548 1517 677 1569 Sisennia
698 1525 788 1571 mater
805 1515 882 1585 nupdt

100 1597 199 1657 postea
206 1591 302 1657 Fusio,
315 1593 402 1661 equiti
410 1592 549 1644 Romano:
569 1597 669 1642 etcum
680 1608 793 1661 quoquo
803 1589 883 1644 extulit

100 1665 175 1716 intra
183 1681 289 1734 paucos
300 1683 396 1718 annos.
435 1666 548 1719 studuit
561 1665 681 1716 Flaccus
694 1682 785 1735 usquc
803 1666 837 1717 ad
848 1678 883 1714 an·

100 1744 168 1789 num'
191 1740 384 1793 duodecimum
407 1738 576 1794 volaterris:
605 1739 671 1791 inde
695 1739 803 1793 Romae
825 1735 882 1806 apud

101 1815 309 1879 grammaticum
319 1816 471 1867 Remmium
481 1813 675 1865 Palaemonem
686 1820 716 1866 et
726 1816 801 1883 apud
809 1813 883 1865 rhotu-

101 1902 159 1937 rem
168 1886 326 1954 Virginium
336 1889 461 1941 Flavum.
492 1889 582 1950 Quum
592 1895 666 1939 esset
677 1903 815 1940 annorum
824 1885 883 1939 sede·

102 1960 168 2024 cim,
181 1963 303 2012 amicitia
314 1964 405 2030 coepit
414 1964 458 2014 uti
467 1962 572 2013 Annaei
583 1961 714 2026 Cornuti,
729 1963 772 2014 ita
781 1970 813 2021 ut
821 1963 852 2012 ab
860 1975 883 2011 co

101 2049 237 2103 nusquam
247 2035 413 2088 discederet:
434 2052 451 2087 a
465 2051 521 2106 quo
535 2035 666 2087 inductus
681 2035 885 2109 aliquatenusiu

102 2107 309 2177 philosophiam
320 2117 370 2162 est.

157 2185 268 2236 Amicos
287 2182 386 2236 habuit
410 2200 426 2235 a
449 2185 539 2252 prima
563 2184 756 2237 adolescentia
776 2185 885 2237 Caesium

102 2260 220 2310 Bassum
234 2266 345 2328 poetam
360 2267 388 2311 et
402 2259 580 2326 Calpuminm
591 2258 704 2323 Suram,
729 2261 778 2328 qui
792 2275 824 2312 eo
836 2259 884 2310 uiro

102 2335 210 2384 iuvenis
233 2333 359 2386 decessit.
399 2332 494 2384 Goluit
510 2339 543 2384 ut
561 2339 668 2400 patrem
684 2333 832 2387 Servilium
844 2331 886 2385 No·

101 2409 224 2459 nianum.
263 2407 316 2460 Per
335 2408 485 2459 Cornutum
505 2408 636 2472 cognovit
656 2407 802 2460 Annaeum
821 2409 885 2461 etian

103 2481 259 2546 Lucanum,
285 2497 465 2550 aequaevum,
488 2481 643 2532 auditorem
666 2483 795 2536 Cornuti.
832 2482 886 2535 h'am

105 2557 243 2606 Cornutus
252 2556 304 2606 illo
315 2564 437 2625 tempore
450 2555 574 2621 tragicus
588 2554 656 2619 fuit,
679 2564 774 2610 sectae
786 2558 886 2614 Stoicae,

95 2633 147 2703 qui
158 2633 250 2688 libros
260 2630 459 2707 philosophiae
468 2629 592 2700 reliquit.
624 2629 683 2683 Sed
690 2629 824 2685 Lucanus
834 2631 886 2684 adeo
