1874 3060
251 204 455 252 CALIGULA.
489 205 567 254 CAP.
584 208 666 254 2-o.
805 205 856 258 iii

61 328 137 381 cuitu
146 326 362 380 necessitudines
371 328 514 396 reliquas‚)
526 327 574 380 diu
583 335 739 394 cunctatus,
755 345 791 382 an
800 333 856 384 sibi

60 415 248 454 successorem
259 402 416 466 destinaret,
423 402 609 470 adoptandum
615 404 727 455 Tiberio
737 405 855 457 dederitc

61 475 104 529 sic
113 476 198 544 vulgo
208 476 380 540 favorabilis,
390 483 423 528 ut
431 478 544 544 plurimi
552 478 672 541 uadunt,
685 479 793 545 quoties
804 481 854 531 ali·

61 565 118 619 quo
129 550 279 616 adveniret,
288 551 334 603 rei
342 553 455 603 sicunde
465 552 629 616 discederet,
640 566 707 619 prae
715 554 798 604 turba
807 569 853 606 oc·

60 626 228 677 curantium
242 626 496 694 prosequentiumue
510 641 705 695 nonnunquam
722 643 784 678 eum
797 628 853 680 dis·

60 699 165 751 crimen
172 700 247 753 ritae
257 701 372 762 adiisse3
383 715 399 752 e
409 700 557 752 Germania
564 716 631 752 vero
641 707 707 768 post
715 717 851 769 compres-

59 788 120 824 sam
130 774 294 826 seditionem
304 775 450 826 revertenti
459 776 649 843 praetorianas
660 774 850 831 cohortesuni·

58 860 155 900 vcrsas
164 849 302 916 prodiisse
313 850 435 916 obviam,
455 850 579 917 quamvis
588 851 799 916 pronunciatum
808 867 849 903 es-

59 928 114 988 sec,
127 928 161 974 ut
170 923 241 974 duae
249 925 440 976 tantummodo
451 925 569 986 exirent3
588 924 686 992 populi
695 931 785 977 autem
795 926 849 978 Ro·

58 997 135 1048 mani
144 1011 252 1062 sexum,
268 1003 398 1062 aetatem,
415 998 538 1050 ordinem
552 1013 659 1051 omnem
666 1000 850 1096 usqueadvi·

59 1072 189 1124 cesimum
199 1072 323 1140 lapidem
328 1071 458 1124 effudisse
468 1088 506 1124 se

112 1143 148 1198 V.
168 1146 851 1214 Temeniongemaioraetflmuomdeeoiudicia

57 1221 87 1274 in
95 1226 187 1273 morto
202 1236 235 1271 ac
247 1227 313 1288 post
326 1229 440 1273 mortem
455 1222 593 1273 exstitere.
632 1221 694 1283 Quo
705 1221 849 1275 defunctum

58 1300 100 1346 est
109 1294 164 1359 die,
175 1295 300 1362 lapidata
310 1302 373 1347 sunt
381 1297 496 1364 tempta,
516 1295 663 1348 subversae
673 1295 762 1349 Derim
774 1313 848 1362 arae,

56 1367 145 1422 Lares
160 1383 178 1420 a
192 1369 354 1436 quibusdam
369 1369 519 1422 familiares
536 1371 567 1422 in
583 1370 723 1436 publicum
737 1373 848 1437 abiecti,

59 1445 312 1511 partnsconiugum
323 1445 450 1513 expositi.
484 1445 557 1506 Quin
567 1451 595 1496 et
604 1445 738 1497 barbares
747 1445 848 1510 ferunt,

58 1519 158 1586 quibus
174 1519 348 1584 intestinum,
367 1520 521 1588 quibusque
535 1519 666 1570 adversus
680 1534 731 1570 nos
746 1521 848 1572 beilum

59 1599 141 1658 esset,
160 1592 237 1645 velut
245 1593 275 1643 in
285 1593 435 1646 domestico
446 1593 636 1659 communique
649 1607 773 1646 maerore
784 1610 848 1646 oon·

58 1667 175 1719 emisse
190 1667 226 1718 ad
238 1666 377 1719 inducias:
395 1668 507 1736 regulos
521 1666 655 1735 quosdam
669 1667 783 1719 barbam
798 1684 846 1734 po-

59 1743 319 1806 susseetuxorum
329 1741 724 1810 capitaraaissmdindicium
733 1743 848 1793 maximi

59 1815 159 1869 incurat
178 1829 274 1884 regum
285 1817 368 1868 etiam
377 1831 469 1884 regem
480 1824 508 1869 et
520 1817 717 1869 exercitatione
730 1816 849 1868 venandi

59 1898 84 1942 et
92 1891 223 1944 convictu
232 1888 417 1958 Megistanum
427 1892 600 1955 abstinuisse,
612 1891 687 1959 quod
697 1891 770 1959 apud
780 1890 847 1943 Par·

58 1963 118 2018 thos
127 1965 232 2017 iustitii
241 1966 389 2018 instarent.

10 2032 12 2049 '
108 2039 158 2092 vi.
178 2039 284 2092 Romae
294 2041 412 2107 quidem,
424 2056 507 2109 quum
517 2040 552 2091 ad
562 2040 678 2108 primam
688 2039 789 2093 famam
800 2058 846 2094 va·

10 2116 12 2123 '
58 2112 186 2167 ietudinis
197 2115 316 2167 attonita
326 2120 354 2167 et
362 2120 468 2167 maesta
477 2115 575 2166 civitas
583 2117 847 2182 sequentesuuucios

58 2190 243 2258 opperiretur,
260 2189 291 2241 'et
300 2196 410 2257 repente
419 2191 476 2241 iam
489 2189 597 2257 vesperi
604 2189 717 2241 incertis
728 2192 847 2242 auctori·

57 2263 105 2316 hus
115 2264 290 2316 convaluisse
300 2265 410 2317 taudem
424 2263 649 2332 percrebuisset,
668 2265 771 2331 passim
786 2280 847 2316 cum

55 2338 204 2390 luminibus
219 2344 248 2390 et
258 2340 379 2391 victims
395 2339 425 2389 in
440 2337 607 2406 Capitolium
621 2352 782 2388 concausam
796 2345 846 2399 est,

56 2427 87 2464 ac
100 2428 189 2482 paene
203 2414 330 2466 revulsae
346 2413 443 2481 templi
455 2412 542 2476 iores,
561 2427 596 2464 ne
615 2411 681 2478 quid
700 2411 846 2478 gestientes

55 2494 119 2540 rota
131 2484 248 2540 reddere
267 2495 448 2541 morarentur.
486 2485 702 2554 Expergeiactus
720 2499 846 2537 esomno

54 2561 184 2615 liberius
202 2568 246 2614 est
261 2563 458 2631 gramlantium
475 2563 605 2625 vocibus,
625 2566 708 2626 atque
725 2558 847 2628 undique

55 2636 267 2703 concinendum,

90 2710 172 2766 uisa
181 2709 278 2779 nona,
287 2711 360 2769 stim
366 2711 468 2781 patria,
478 2711 564 2766 seems
574 2717 614 2764 cei
624 2707 804 2763 Geminium.
