1822 3068
93 198 109 247 8
365 199 393 244 C·
421 197 608 246 SUETONH

92 323 196 386 herent,
207 321 329 373 dimmds
339 321 484 374 lictoribus
494 322 655 390 abiectaque
665 326 821 389 praetexta,
834 323 846 374 d

91 412 166 449 mum
177 396 248 448 clam
257 395 371 464 refugit,
382 411 433 464 pro
445 396 603 448 conditione
612 402 766 464 temporum
777 399 846 464 quiet

91 486 148 522 rus.
186 471 390 522 Multitudinem
410 486 533 538 quoquc,
552 470 638 522 biduo
658 476 724 538 post
741 478 840 539 sponte

90 545 166 598 ultro
182 545 376 608 confluentem,
396 560 563 612 operamque
578 544 670 597 sibiin
681 547 846 597 asserendas

90 621 196 687 gnitate
205 619 401 672 tumultuosius
411 619 596 685 pollicentem,
603 621 780 687 compescuit.
798 621 846 682 Qus

91 710 174 763 quum
183 701 293 762 praeter
303 693 460 760 opinionem
472 694 620 758 evenisset,
631 699 755 759 aeneum,
768 695 804 746 ob
816 711 846 747 eu

90 770 152 821 dem
162 774 270 821 coetum
280 767 411 819 festinato
423 773 550 832 coactus,
565 768 671 834 gratias
682 769 709 819 ei
717 785 767 836 per
775 770 846 836 prim

88 859 133 895 res
142 843 218 894 viros
229 842 299 909 egit,
321 842 492 910 accitumque
507 843 536 893 in
548 843 651 894 curiam
662 848 690 893 et
700 843 846 910 amplissim

87 917 179 969 uerbis
199 916 386 968 collaudatum
405 917 435 967 in
454 917 591 984 integrum
609 917 743 981 restituit,
763 918 846 970 induc

87 992 181 1059 priore
191 991 311 1043 decreto.

100 1100 103 1104 ι
142 1065 229 1118 xvls.
248 1065 359 1117 Recidit
376 1080 471 1117 rursus
489 1066 519 1116 in
534 1065 681 1117 discrimen
696 1065 785 1130 aliud,
806 1067 846 1117 iut

87 1140 181 1193 socios
191 1139 327 1192 Catilinae
336 1141 503 1203 nominatus,
515 1146 543 1191 et
553 1139 626 1207 apud
635 1138 661 1191 N
663 1139 755 1190 ovium
760 1139 846 1208 Nigrn

87 1221 260 1283 quaestorem
270 1229 288 1264 a
297 1213 331 1264 L.
341 1213 436 1265 Vettio
448 1213 553 1278 ludica,
565 1214 631 1265 etin
641 1219 740 1264 senatu
749 1230 766 1265 a
778 1215 809 1276 Q.
823 1215 846 1266 G·

86 1290 143 1341 rio:
163 1289 221 1353 cui,
238 1288 313 1356 quod
328 1289 433 1356 primns
448 1288 566 1340 consilia
581 1288 787 1339 coniuratorum
803 1290 846 1341 det

84 1369 177 1428 xerat,
203 1363 354 1414 constituta
378 1368 456 1414 arant
474 1362 584 1429 publice
604 1362 735 1430 praemia.
776 1364 846 1415 cnm

86 1437 195 1506 quidem
216 1454 231 1489 e
247 1437 368 1489 Catilina
387 1453 416 1488 se
436 1437 598 1504 cognovisse
618 1436 741 1488 dicebat:
765 1437 846 1490 Vettii

85 1512 168 1563 etiam
179 1509 391 1580 chirographum
407 1511 479 1576 eiras,
497 1511 632 1562 Catilinae
642 1511 750 1576 daturis,
761 1513 847 1580 pollic

84 1587 174 1638 hatur.
212 1586 245 1638 ld
253 1602 318 1638 vero
332 1586 435 1638 Caesar
443 1586 519 1638 nullo
536 1585 618 1637 modo
635 1586 808 1637 tolerandum
819 1604 846 1639 el

84 1661 213 1725 adulans,
239 1677 335 1729 quum,
359 1659 508 1728 implorato
535 1659 675 1710 Ciceronis
705 1661 846 1713 testimoni

85 1736 219 1803 quaedam
235 1751 265 1786 se
280 1735 313 1786 de
328 1734 519 1785 coniuratione
533 1733 607 1784 ultro
624 1734 660 1785 ad
670 1750 732 1785 eum
742 1734 844 1787 detulis

84 1810 239 1872 docuisset,
254 1825 289 1860 no
300 1808 383 1859 Curio
394 1807 517 1874 praemia
528 1807 669 1873 darentur,
681 1808 785 1861 effecit:
809 1810 846 1862 Vs

82 1885 161 1947 tium,
172 1882 334 1950 pignoribus
350 1882 438 1948 captis
454 1887 482 1933 et
496 1881 604 1950 direpta
618 1882 788 1950 supellectile
802 1900 846 1935 ma

83 1957 246 2020 mulcatum,
263 1971 356 2023 acpro
366 1956 464 2007 rostris
478 1956 508 2007 in
524 1957 655 2009 concione
671 1973 757 2025 paene
773 1958 846 2011 disce

84 2039 173 2100 pm,
195 2030 313 2083 coniecit
326 2031 356 2081 in
371 2045 520 2083 carcerem:
546 2031 642 2083 eodem
656 2032 775 2083 Novium
792 2049 845 2100 qua

84 2113 199 2169 storem,
221 2105 294 2172 quod
310 2104 471 2172 compellari
487 2105 560 2172 apud
570 2122 599 2157 se
609 2106 740 2157 maiorem
752 2113 846 2174 potest

83 2190 137 2232 tem
147 2195 245 2247 passus
256 2186 335 2231 esset.

119 2253 220 2306 XVlll.
244 2254 286 2304 Ex
305 2259 435 2322 praetura
459 2253 617 2307 ulteriorem
637 2255 751 2306 sortitus
770 2256 846 2324 llisp

83 2330 172 2394 niam,
196 2330 343 2381 retinentes
368 2328 517 2380 creditores
536 2329 689 2380 interventu
708 2345 846 2396 sponsoru

83 2405 214 2475 remouitr
234 2419 268 2455 ac
276 2418 365 2470 neque
372 2418 449 2454 more
458 2418 546 2471 neque
560 2404 633 2467 iure,
651 2409 797 2470 autequam
808 2421 846 2472 prs

83 2479 191 2531 vinciae
202 2485 371 2541 ornarentur,
383 2476 522 2545 profectus
532 2483 587 2540 est3
605 2478 753 2543 incertum,
764 2486 846 2532 metm

84 2553 195 2618 iudicii,
217 2553 291 2620 quod
300 2552 409 2619 privato
419 2552 582 2618 parabatur,
604 2567 653 2616 an,
673 2567 727 2619 quo
739 2554 846 2605 maturis

84 2627 169 2678 sociis
187 2626 400 2694 implorantibus
424 2620 588 2678 subveniret.
627 2625 784 2695 Pacataque
809 2645 846 2697 pn

82 2701 181 2764 mucia,
189 2701 256 2768 pari
264 2699 454 2764 festinatione,
469 2715 525 2752 non
535 2705 693 2769 exspectato
704 2717 846 2756 successor
