1874 3060
117 733 150 787 C.
181 732 408 787 SUETONH
439 735 737 801 TRANQUILLI

212 884 360 937 nunno
399 891 638 941 OCTAVUS.

36 1040 185 1107 TITUS
215 1040 435 1107 FLAVIUS
465 1042 824 1113 VESPASIANUS.

340 1222 516 1244 Q

81 1369 104 1423 1.
127 1341 235 1435 Titus,
246 1369 409 1439 cognomine
418 1375 547 1437 paterno,
569 1386 648 1424 umor
661 1388 695 1425 oe
709 1374 825 1427 deliciae

36 1444 136 1511 generis
146 1442 271 1510 humani,
292 1449 410 1509 (tuntum
420 1445 464 1495 iili
473 1444 509 1494 ed
518 1446 728 1512 promerendum
738 1451 825 1500 omni·

36 1534 74 1569 uu
82 1519 255 1573 voluntatem
264 1520 308 1571 vel
324 1519 429 1586 ingenii
441 1518 486 1569 vel
496 1519 565 1569 ortis
580 1520 624 1571 vel
637 1519 767 1573 forumae
780 1537 825 1572 su·

36 1592 141 1659 perient,
152 1595 269 1661 etquod
279 1592 471 1644 difficillimum
481 1598 532 1656 est,
542 1593 572 1643 in
581 1593 708 1660 imperio,
714 1595 824 1662 quondo

36 1668 153 1732 ¹>rivetus
165 1674 246 1735 atque
258 1669 341 1719 etiam
351 1668 401 1717 suh
413 1672 493 1733 patre
505 1667 631 1734 principe
643 1682 677 1718 ne
688 1668 755 1720 odic
766 1669 825 1736 qui·

36 1741 104 1806 iera,
118 1743 219 1795 nedum
228 1742 431 1809 vituperatione
440 1740 553 1807 publice
563 1742 678 1806 ceruit),
692 1748 774 1794 natus
785 1749 836 1797 est,

36 1814 77 1867 ΙΙΙ.
86 1815 229 1868 Kalendas
243 1816 401 1880 lanuarias,
421 1815 524 1882 insigni
542 1829 614 1867 anino
631 1816 737 1868 Gaium
749 1832 825 1880 nece,

36 1904 117 1958 prope
126 1890 328 1958 Septizonium,
344 1890 466 1941 sordidis
476 1890 604 1955 sedibus,
621 1890 748 1943 cubiculo
758 1906 824 1944 vero

36 1967 340 2033 perperroetobseuror
350 1980 414 2015 nam
423 1963 824 2019 munctsdhucetostenditur.

83 2038 119 2091 ll.
139 2039 280 2092 Educatus
299 2040 329 2090 in
344 2038 409 2089 nula
423 2053 484 2088 cum
497 2038 659 2092 Britannico
675 2041 771 2106 simul,
792 2056 826 2093 uc

36 2113 144 2179 paribus
157 2114 312 2182 disciplinis
326 2119 354 2166 et
367 2111 441 2178 opud
454 2112 565 2164 eosdem
578 2116 728 2182 magistros
745 2116 824 2167 insti·

36 2192 113 2240 tuuis.
154 2191 217 2250 Quo
228 2189 337 2258 quidem
346 2194 482 2253 tempore,
498 2187 588 2252 aiunt,
598 2195 825 2257 metoposcopum

36 2274 47 2313 ι
59 2262 194 2314 Narcisso
210 2263 321 2314 claudii
334 2262 434 2313 liberto
454 2259 621 2326 adhibitum,
640 2267 673 2313 ut
685 2262 824 2312 Britanni·

36 2350 90 2388 cum
98 2338 257 2405 inspiceret,
269 2335 490 2389 constantissime
502 2336 664 2399 affirmasse,
674 2335 753 2386 ilium
765 2335 825 2404 qui·

36 2411 91 2463 iem
100 2413 288 2476 nullomodo,
299 2416 417 2463 ceterum
428 2409 535 2475 Titum,
551 2410 599 2477 qni
607 2424 694 2476 prope
705 2409 825 2472 astabat,

36 2487 125 2555 utique
135 2488 342 2554 imperaturum.
379 2483 467 2535 Erant
481 2490 572 2536 nutem
583 2483 653 2536 adeo
663 2482 824 2545 familiares,

36 2561 242 2632 otdepotioue,
264 2575 320 2630 quo
328 2559 504 2610 Britannicus
519 2557 619 2609 hausta
628 2559 722 2626 periit,
744 2557 825 2607 'litus

36 2652 140 2706 puoquc
158 2636 244 2688 iuxta-
257 2636 361 2687 cubans
380 2639 505 2702 gustasse
529 2632 668 2699 credetur,
693 2631 825 2701 gratique
