1874 3060
48 118 126 168 nno.
160 118 239 167 ΜΡ.
259 120 365 167 15-20
539 116 591 171 2³5

48 241 152 294 naturls
171 240 397 304 ostenderentur3
421 256 454 294 so
471 256 507 294 nc
526 242 590 311 qrris

48 318 52 366 l
69 316 188 384 scriptor
206 316 326 384 legatum
347 315 402 367 sibl
420 316 587 380 uallum

48 407 67 441 n
77 406 127 458 pro
138 391 301 457 patrociniis
316 396 418 443 certam
430 389 586 459 iustamque

59 465 198 516 subselliis
220 465 324 517 nnllam
345 464 456 517 omnino
476 464 586 529 darent,

48 540 73 591 lo
92 541 233 607 gratuita3
252 546 337 607 utque
355 554 446 593 renim
466 544 531 590 actu
550 538 586 591 ab

48 613 70 665 ld
84 614 176 666 forum
191 629 224 665 ac
237 620 444 682 recuperatores
456 611 587 667 muncler·

48 704 100 741 nes
114 688 314 757 appellationes
324 704 342 741 a
350 688 490 741 iudicibus
499 686 535 739 ad
545 702 588 741 sc·

48 836 97 888 ndi
110 837 336 905 propagandique
349 837 459 906 imperii
477 852 528 889 nec
539 851 589 891 ro·

48 926 76 963 ue
90 927 138 979 spe
149 919 239 963 rnotus
248 927 382 978 unquam,
392 913 475 965 etiam
485 926 519 965 ex
527 911 590 964 Bri·

48 986 197 1039 erercitrun
213 985 365 1053 cogitavit;
384 1002 434 1039 nec
446 987 503 1039 nisi
514 1000 591 1039 rere·

48 1067 146 1113 tectore
168 1060 289 1129 parentis
313 1060 420 1128 gloriae
438 1060 591 1124 videretur,

49 1135 133 1187 modo
148 1150 274 1202 regnum,
289 1135 455 1188 concedente
464 1133 592 1188 Polemo-

48 1209 194 1275 ,dcfuncto
206 1210 300 1263 Cottio
305 1248 313 1275 ,
327 1210 357 1261 in
366 1209 526 1278 provinciae
535 1207 592 1262 lor-

48 1359 190 1411 inationes
201 1358 270 1411 duas
281 1358 392 1411 omnino
412 1358 546 1427 suscepit,
559 1357 594 1408 ll·

61 1431 226 1486 Achaicam:
256 1433 305 1485 sed
324 1432 509 1485 Alexandrina
530 1432 593 1501 lpso

56 1507 173 1573 destitit,
184 1508 311 1560 urbatus
320 1506 403 1559 ainrul
417 1506 551 1573 religione
561 1520 595 1557 se

62 1598 144 1651 quum
160 1583 283 1635 circuitis
297 1580 407 1649 templis
420 1581 450 1631 in
464 1578 532 1632 aedo
541 1578 595 1631 Va·

67 1657 209 1724 nsurgcnti
218 1657 245 1708 ei
254 1657 371 1723 primum
381 1655 485 1707 lacinia
494 1651 595 1706 obhae-

75 1738 173 1785 coorta
184 1731 274 1799 caligo
285 1736 340 1795 eet,
353 1737 385 1782 ut
394 1729 529 1798 dispicere
537 1742 595 1781 non

75 1806 105 1858 la
123 1804 252 1857 isthmum
272 1804 417 1874 perfodere
436 1818 595 1873 aggressu,

79 1881 209 1933 concione
223 1880 260 1931 ad
272 1878 457 1932 inchoandum
469 1894 539 1947 opus
549 1893 596 1931 oo·

84 1969 153 2023 aque
172 1955 252 2021 signo
269 1955 349 2020 dato,
364 1956 467 2022 primos
480 1952 595 2007 metello

88 2036 95 2081 t
114 2028 230 2081 corbulo
243 2036 401 2097 congestam
415 2027 536 2082 humeris
550 2042 596 2082 ex·

96 2102 133 2155 ad
147 2102 262 2169 caspias
275 2111 371 2171 portas
385 2104 595 2173 expeditionem

98 2178 128 2231 us
147 2176 241 2229 senum
261 2178 361 2245 pedum
373 2178 510 2231 tironibus
523 2190 597 2229 nors

103 2251 290 2305 nidlexandrl
302 2251 465 2321 phalangem
475 2248 596 2319 appella·

107 2326 165 2379 nlla
173 2325 392 2394 reprehensione,
403 2325 503 2394 partim
512 2323 597 2376 οιίιιιιι

112 2402 195 2470 digna
208 2401 238 2453 ln
247 2417 331 2455 unum
342 2399 459 2462 contuli,
468 2403 501 2449 ut
509 2410 596 2449 secer-

117 2476 249 2531 oeleribm
258 2477 331 2541 eius,
345 2475 379 2527 de
389 2473 489 2543 quibus
499 2469 597 2524 dehinc
686 2518 690 2525 .

128 2641 143 2678 s
157 2625 318 2696 disciplinas
331 2622 466 2692 pucritiae
475 2627 598 2692 tempore
