1874 3060
284 213 395 261 NERO.
429 215 509 262 GAP.
526 218 642 264 ts-ts.
813 215 864 269 ²61

10 328 42 395 ’ῖς
71 343 97 388 et
114 334 238 399 loetidc,
262 335 377 388 sufflare
398 337 513 405 capillo,
538 336 617 388 vultu
639 335 754 404 pulchro
774 343 863 408 magis

71 426 151 478 qnam
160 415 291 474 venusto,
302 410 391 463 oculis
400 412 500 463 caesiis
509 417 538 463 et
546 409 747 476 hebetioribus,
759 416 864 466 cervice

73 485 168 549 obesa,
178 489 274 535 ventre
282 485 422 552 proiecto,
435 486 597 553 gracillimis
608 486 745 548 cruribus,
759 486 863 538 valetn-

73 558 133 610 dine
143 573 289 627 prospera.
327 557 411 624 Nam,
432 560 481 628 qui
499 559 624 611 luxuriae
638 560 864 611 immoderatissi-

72 648 130 685 mae
138 638 225 696 essct,
244 638 288 684 ter
298 634 409 685 omnino
424 649 474 700 per
487 634 694 701 quatuordecim
708 649 796 686 annos
806 635 864 686 lan-

24 717 28 724 ·
72 706 233 775 ςιιίμηιιο
242 706 293 771 ita,
302 713 335 758 ut
343 722 432 775 neque
440 708 506 759 rino
516 723 604 777 neque
614 709 813 761 consuetudine
822 722 864 761 re-

71 780 147 848 liqna
166 781 326 832 abstineret.
366 782 448 833 circa
470 781 573 833 cultum
594 780 773 851 habitumque
793 785 863 835 adeo

70 854 259 921 pudendus,nt
268 870 375 907 comam
385 870 492 923 semper
500 856 531 907 in
540 856 641 923 gradus
651 855 808 922 formatam,
818 875 864 925 pc-

70 927 863 996 regrlnatlonehchaicaetiamponeverticemsummiserit;

70 1017 103 1055 sc
120 1002 283 1072 plerumque
302 1002 490 1071 synthesinam
509 1003 634 1068 indutus,
654 1004 741 1072 ligeto
761 1008 864 1058 circum

70 1076 171 1129 collmn
180 1077 306 1141 sudario,
316 1078 452 1147 prodierit
459 1078 489 1129 in
500 1078 653 1145 publicum,
668 1080 727 1131 sine
738 1081 828 1131 cinctu
837 1088 863 1131 et

69 1150 258 1203 dbcalciatns.

121 1224 185 1277 Lll.
205 1224 349 1278 Liberalcs
363 1226 524 1294 disciplinas
539 1241 632 1279 omnes
647 1226 705 1280 fere
718 1240 787 1294 puer
801 1229 864 1278 atti-

68 1300 117 1367 git.
157 1298 214 1352 Sed
224 1315 242 1351 a
251 1298 429 1369 philosophia
439 1317 500 1353 eum
510 1309 598 1353 mater
613 1303 725 1366 avertit,
740 1316 863 1365 monens,

68 1375 240 1443 imperaturo
255 1376 421 1427 contrariam
437 1390 508 1438 csse3
533 1392 550 1425 a
567 1377 725 1442 cognitione
742 1383 865 1428 veterum

70 1454 214 1501 oratorum
224 1448 328 1501 Seneca
338 1455 512 1516 praeceptor,
527 1465 582 1516 quo
594 1449 697 1500 diutius
706 1451 736 1500 in
747 1451 865 1501 admira·

68 1523 145 1575 tione
154 1522 201 1574 sni
210 1522 353 1575 detineret.
382 1524 478 1590 ltaque
489 1523 525 1573 ad
536 1523 671 1589 poeticam
682 1538 794 1588 pronus,
806 1539 865 1574 car-

69 1597 145 1649 mina
154 1596 273 1649 libenter
282 1612 316 1648 ac
326 1598 385 1650 sine
395 1597 491 1648 labore
503 1597 670 1661 composuit:
691 1612 753 1659 nec,
763 1602 796 1646 ut
806 1598 865 1665 qui·

70 1671 133 1722 dam
143 1676 255 1738 putant,
277 1672 368 1723 aliena
383 1687 433 1739 pro
449 1672 507 1720 suis
518 1670 613 1721 edidit.
652 1668 758 1720 Venere
769 1671 798 1720 in
808 1686 865 1720 ma-

69 1760 120 1797 nns
130 1761 208 1797 meas
217 1746 367 1812 pugillares
377 1745 520 1811 libellique
531 1760 593 1794 cum
604 1743 768 1811 quibusdam
778 1745 864 1795 notis-

68 1820 146 1871 simis
155 1819 294 1884 vcrsibus,
310 1820 398 1887 ipsius
409 1816 592 1886 chirographo
604 1818 726 1883 scriptis,
741 1823 773 1868 ut
783 1815 866 1868 iacile

71 1899 231 1961 appareret,
249 1909 306 1945 non
319 1893 470 1945 translatos
485 1898 533 1943 aut
547 1893 667 1943 dictante
683 1891 777 1959 aliquo
788 1906 865 1943 exce-

69 1974 144 2035 ptos,
167 1967 312 2035 sedpch
326 1969 406 2034 quasi
424 1984 441 2017 a
460 1967 599 2034 cogitante
619 1972 701 2033 atque
718 1973 865 2034 generante

70 2047 214 2105 exaratos3
234 2042 275 2093 ita
285 2042 372 2092 multa
383 2048 410 2092 et
421 2040 510 2092 delcta
520 2047 547 2092 ct
556 2041 669 2092 inducta
680 2047 706 2093 ct
716 2042 864 2111 superscri-

69 2121 117 2182 pta
125 2117 245 2168 inerant.

123 2189 199 2243 Llll.
220 2190 328 2241 Habuit
342 2195 369 2240 ct
386 2189 528 2256 pingendi,
549 2190 722 2257 fingendique
737 2192 864 2252 maxime,

69 2278 124 2317 non
133 2264 275 2316 mediocre
285 2262 415 2315 studium.
445 2263 569 2313 Maxima
579 2270 669 2316 autem
680 2262 866 2329 popularitate

71 2334 245 2402 efferebatur,
257 2338 378 2390 omnium
390 2336 522 2400 aemulus,
533 2339 580 2405 qui
590 2352 701 2405 quoquo
713 2335 795 2386 modo
808 2335 866 2384 ani-

70 2427 144 2464 mum
163 2412 242 2479 vulgi
254 2418 404 2464 moverent.
442 2410 520 2462 Exiit
537 2413 646 2479 opinio,
666 2418 730 2476 post
743 2408 866 2459 scenicas

70 2500 189 2539 coronas
203 2488 330 2552 proximo
346 2485 433 2536 lustro
450 2485 642 2536 descensurum
652 2498 713 2534 curn
725 2482 760 2532 ad
771 2481 865 2548 Olym·

69 2561 117 2626 pia
125 2561 200 2612 inter
211 2559 338 2612 athletas.
377 2559 448 2610 Nam
463 2565 490 2610 ct
505 2559 662 2611 luctabatur
673 2555 795 2606 assidue:
816 2570 866 2605 ncc

69 2634 151 2687 aliter
165 2636 316 2686 certamina
329 2634 459 2701 gymnica
473 2631 592 2684 Graecia
610 2636 671 2682 tota
685 2635 864 2697 spectaverat,

71 2723 154 2775 qnam
163 2708 360 2783 brabeutarum
371 2722 447 2785 more
456 2707 587 2759 lastadio
598 2702 675 2777 humi
684 2703 817 2769 assidens,
824 2719 866 2769 nc,
