1822 3068
91 180 126 231 68
368 183 395 228 c.
419 181 610 231 sussum!

91 320 214 373 gnopere
224 304 365 373 cupiebat,
381 293 465 359 etiam
473 302 587 371 Psyllos
600 301 736 369 admovit,

91 394 158 433 num
168 395 202 433 ec
210 380 286 431 visus
296 384 472 445 exsugerent3
491 378 567 447 quod
580 377 696 446 periisse
708 393 742 429 m«

92 454 136 504 dis
147 454 305 522 putabatur.
339 452 479 503 Ambobus
490 467 660 504 communem
670 451 742 520 sepul

91 543 188 580 norem
196 528 303 591 tribuit,
310 542 344 578 nc
351 526 532 579 talmulum‘nb
542 526 612 595 ipsis
620 524 742 578 inchoati

91 603 182 657 iussit.
210 601 359 653 Antonium
368 601 505 665 iuvenem,
513 602 647 653 maiorem
658 601 692 655 dc
702 601 740 653 du

91 678 137 728 via
146 676 261 744 genitis,
274 675 424 728 simulacro
435 675 470 726 D.
480 675 557 739 iulii,
578 675 614 726 ad
625 674 700 742 quod
710 691 742 744 po

90 757 119 805 et
137 751 232 803 irritas
251 764 346 817 preces
371 748 545 816 confugerat,
570 749 713 817 obreptum
736 751 742 803 i

90 825 157 876 ltem
169 823 376 887 cassationem,
397 839 476 892 quem
487 838 520 877 cx
532 823 649 877 mosam
660 823 742 892 Clcop

91 899 196 966 cepisse
206 896 394 965 praedicabat,
405 903 580 951 retractumc
590 897 657 964 luga
667 898 742 966 suppl

91 973 137 1023 cit.
160 971 294 1040 Reliquos
304 971 418 1023 Antonii
425 973 591 1041 reginaeque
602 987 742 1028 commune

88 1060 146 1099 oon
155 1061 234 1098 secus
244 1046 488 1099 acnecessitudiue
496 1047 607 1099 iunctos
617 1047 684 1110 sibi,
700 1052 742 1099 et«

88 1121 166 1174 vitet
176 1134 239 1171 mox
251 1135 301 1188 pro
313 1120 472 1173 conditione
482 1121 614 1187 csiinsquc
623 1121 742 1173 sustinui

144 1193 245 1247 XVlll.
264 1192 404 1247 Periclem
417 1201 525 1262 tempos
540 1194 726 1247 conditorium
740 1219 742 1238 ι

88 1267 186 1335 Magni
194 1267 355 1331 Alexandri,
375 1283 460 1337 quum
472 1268 611 1336 prolatum
622 1284 637 1320 e
647 1274 743 1338 pcnetr

89 1343 172 1394 cissct
182 1341 390 1405 omilis,corona
400 1357 485 1395 aurea
493 1342 742 1410 impositaacssoril

88 1416 127 1469 sis
136 1421 282 1469 veneratus
291 1422 345 1467 est:
366 1415 569 1484 consultusque,
580 1431 644 1467 num
655 1422 683 1468 et
691 1415 742 1469 Pto

86 1490 222 1558 inspicere
235 1489 330 1554 vellet,
351 1505 440 1559 regem
452 1505 480 1541 cs
493 1489 613 1552 saloim,
635 1491 688 1555 ait,
707 1491 742 1543 sit

87 1572 212 1617 mortuos.
251 1564 417 1632 Aegyptum,
438 1564 645 1631 improvinciae
665 1564 742 1617 forma

87 1645 172 1704 cmm,
189 1644 222 1690 ut
230 1637 394 1691 feraciorem
404 1636 622 1705 habilioremque
632 1654 743 1691 annona

86 1713 226 1776 redderet,
236 1712 328 1765 fossas
339 1727 442 1776 omnes,
453 1712 482 1761 in
494 1727 563 1780 quas
572 1711 654 1765 Nilus
663 1728 742 1769 exact

86 1787 199 1841 linuatus
207 1786 293 1853 longa
302 1785 567 1849 manutentum
577 1786 742 1855 opersdetes

86 1877 140 1930 quc
150 1861 280 1913 Actiacae
289 1859 424 1913 victoriae
434 1861 567 1912 memoria
578 1861 742 1914 celebratior

87 1941 190 1987 storum
200 1938 285 1998 esset,
305 1934 399 1985 urbem
411 1933 570 2002 Nicopolim
584 1935 658 2004 apud
666 1936 742 1989 Actio

88 2009 143 2072 dit,
161 2007 297 2077 ludosque
310 2007 370 2060 illic
383 2008 599 2077 quinquennales
610 2011 742 2063 constitui

85 2083 174 2154 pliato
193 2088 284 2137 vetere
302 2082 439 2152 Apollinis
458 2084 575 2151 templo,
600 2084 690 2135 locum
716 2101 742 2137 ca

86 2158 186 2227 quibus
196 2157 288 2210 fuci-m
296 2173 371 2222 usus,
382 2163 545 2209 exornatum
554 2158 701 2211 navalibus
711 2176 743 2231 sp

42 2251 44 2256 ·
84 2239 171 2302 penno
183 2248 217 2283 ac
225 2232 312 2284 Marti
322 2232 501 2285 consecravit.

140 2307 216 2359 xlx.
236 2307 383 2359 Tumultus
394 2304 543 2375 posthaec,
555 2307 681 2360 ucetiam
692 2324 742 2362 ren

83 2397 145 2435 rum
159 2382 242 2438 initia
255 2381 514 2450 coniurationesque
530 2383 696 2450 complures,
717 2400 742 2452 pt

82 2456 290 2520 invalescerent,
300 2456 404 2507 indicio
416 2455 538 2509 detectas
548 2457 724 2525 compressit,
738 2475 742 2509 ε

82 2537 219 2599 tempore:
239 2528 341 2599 Lepidi
352 2531 471 2597 iuvenis,
492 2530 590 2585 deinde
599 2529 736 2585 Varronis

83 2609 111 2654 ct
123 2604 225 2657 Fannii
239 2604 399 2675 Caepionis,
419 2620 485 2656 mox
497 2605 537 2657 Μ.
552 2604 678 2673 Egnatii,
699 2607 742 2659 cxi

82 2675 154 2743 Ruti,
165 2678 300 2750 Luciique
310 2678 415 2745 Paulli,
430 2680 577 2749 progeneri
586 2679 643 2745 sui;
663 2695 697 2733 ac
705 2697 742 2752 pr⁴
