1874 3060
241 188 442 238 CLAUDIUS.
477 191 556 236 erle.
574 192 690 239 ss-at.
809 193 859 244 219

63 311 185 382 expavit,
195 316 229 363 ut
237 311 374 379 deponere
383 313 528 380 imperium
536 315 691 365 tentaverit.
723 314 858 382 Quodam,

62 394 190 454 utsupra
200 386 295 451 retuli,
316 402 377 437 cum
390 386 465 439 ferro
480 390 554 439 circa
564 389 763 440 sacrificantem
774 407 803 442 se
814 392 858 443 de·

62 460 214 530 prehenso,
235 467 358 512 sennam
372 476 422 529 per
434 478 584 530 praecones
598 478 714 531 propere
725 479 859 516 convoca-

63 537 115 598 tlt3
136 536 314 603 lacrimisque
328 541 357 586 et
369 536 568 589 vociferatione
581 538 727 588 miseratus
741 544 783 589 est
793 554 857 590 con-

62 610 197 663 ditionem
212 625 304 673 mam,
324 610 370 661 cui
383 609 453 660 nihil
466 613 520 662 tnti
534 626 649 680 usquam
661 617 746 675 esset;
766 628 799 664 ac
809 613 857 665 diu

62 684 176 753 publico
188 684 329 735 abstinuit.
368 684 546 737 Messaliinae
557 700 666 755 quoqne
677 701 798 738 amomon
806 687 856 738 lla·

61 759 282 827 grantissimum,
301 765 426 810 nontam
441 760 605 827 indignitate
619 761 855 827 contumeliarum,

63 850 145 901 quam
156 833 274 901 periculi
284 839 365 898 metu,
377 834 487 898 abiecit,
498 850 581 902 quum
591 835 717 887 adultero
729 835 799 887 Silio
811 851 856 888 ac·

63 908 137 979 quiri
149 908 296 975 imperium
311 907 483 959 credidisset:
504 923 558 977 qno
572 916 695 977 tempore
704 909 816 962 foedum
825 912 856 963 in

62 983 175 1035 modum
191 983 314 1049 trepidus
328 982 364 1032 ad
380 987 471 1033 castra
487 982 622 1050 confugit,
642 982 713 1035 nihil
725 991 787 1036 tota
799 987 855 1049 via,

63 1072 155 1127 qnam,
166 1063 273 1109 essetne
284 1057 338 1108 sibi
348 1056 453 1107 salvum
463 1058 615 1125 imperium,
627 1059 777 1125 requirens.

116 1130 260 1183 XXXVll.
272 1130 356 1182 Nulla
367 1131 436 1183 adeo
448 1132 579 1199 suspicio,
590 1131 682 1182 nullus
693 1139 790 1183 auctor
799 1139 855 1184 taur

64 1206 131 1259 levis
142 1206 261 1270 exstitit,
282 1221 299 1256 a
309 1220 364 1273 quo
374 1220 442 1271 non,
461 1206 594 1258 mediocri
605 1207 734 1274 scrupulo
744 1207 856 1271 iniecto,

64 1280 98 1333 ad
108 1280 261 1332 cavendum
270 1279 509 1348 ulciscendumque
524 1280 742 1348 compelleretur.
780 1282 856 1333 Unus

58 1370 96 1407 *ex
105 1354 295 1422 litigatoribus
306 1354 418 1405 seducto
428 1355 458 1404 in
468 1355 636 1406 salutatione
645 1356 805 1420 affirmavit,
816 1359 856 1408 vi-

63 1428 136 1481 disse
155 1443 254 1495 seper
273 1429 404 1496 quietem,
425 1429 516 1479 occidi
529 1444 590 1480 enm
606 1429 771 1496 aquodam:
792 1431 855 1483 dein

62 1504 156 1571 paullo
167 1508 245 1571 post,
258 1503 338 1570 quasi
347 1516 534 1570 percussorem
546 1508 719 1569 agnosceret,
731 1503 855 1555 libellum

61 1578 215 1630 tradentem
231 1577 418 1628 adversarium
432 1592 511 1626 suum
532 1576 742 1639 demonstravit3
763 1578 854 1628 conle-

62 1654 182 1722 stimque
200 1652 226 1702 is
246 1666 297 1718 pro
318 1649 486 1718 deprehenso
507 1650 542 1700 ad
561 1665 678 1717 poenam
693 1656 789 1717 raptus
804 1658 854 1703 est.

62 1726 128 1779 Pari
138 1727 223 1778 modo
235 1741 394 1792 oppressum
404 1725 615 1792 feramtAppium
626 1723 764 1776 Silanum:
774 1740 855 1792 quem

63 1817 144 1871 quum
149 1801 314 1852 Messalllna
324 1807 351 1851 et
360 1799 507 1850 Narcissus
517 1798 722 1866 conspirassent
730 1799 853 1867 perdere,

62 1877 158 1929 diuisis
178 1876 317 1943 partibus,
339 1875 408 1925 alter
427 1882 490 1926 ante
510 1874 596 1926 lucem
610 1873 709 1924 similis
725 1874 854 1938 attonito,

60 1951 173 2019 patroni
193 1949 348 2001 cubiculum
363 1950 474 2016 irrupit,
494 1951 634 2000 affirmans
649 1949 800 2000 somniasse
815 1966 853 2013 se,

60 2026 115 2077 vim
129 2025 159 2077 ei
173 2024 208 2076 ab
222 2025 311 2092 Appio
330 2024 449 2074 illatam:
474 2024 573 2087 altera,
594 2024 623 2073 in
643 2023 853 2076 admirationem

59 2100 194 2164 lorrnata,
216 2100 271 2149 sibi
291 2113 400 2167 quoque
415 2098 526 2149 eandem
542 2099 660 2165 speciem
676 2098 784 2167 aliquot
795 2100 852 2150 iam

58 2175 188 2227 noctibus
200 2174 342 2225 obversari
352 2171 454 2224 retulit.
491 2171 550 2224 Nec
563 2172 649 2223 multo
661 2180 725 2239 post
735 2188 768 2224 ex
779 2188 852 2224 cour-

58 2250 152 2319 poslto
162 2249 314 2316 irrumpere
325 2246 428 2314 Appius
438 2247 597 2311 nunciatus,
609 2248 653 2298 cui
663 2247 764 2313 pridie,
776 2247 812 2295 ad
822 2247 852 2296 id

58 2323 192 2392 temporis
205 2329 238 2373 ut
252 2322 372 2385 adesset,
394 2327 567 2389 praeceptum
583 2328 653 2385 erat,
674 2320 758 2388 quasi
770 2319 851 2386 plane

58 2402 311 2466 repraesentaretur
320 2396 421 2449 somnii
431 2395 510 2460 fides,
521 2396 624 2448 arcessi
633 2395 726 2445 statim
738 2409 770 2443 ac
779 2394 852 2444 mori

58 2472 151 2525 iussus
165 2478 216 2523 est.
254 2470 312 2522 Nec
326 2470 461 2522 dubitavit
474 2477 586 2538 postero
601 2470 646 2520 die
661 2467 792 2518 claudius
808 2482 851 2518 or·

58 2547 150 2600 dinem
160 2547 203 2598 rei
212 2551 305 2614 gestae
315 2544 435 2615 perferre
445 2545 479 2595 ad
490 2551 622 2607 senatum,
635 2558 668 2593 ac
678 2541 778 2592 liberto
788 2556 850 2608 gra-

58 2623 112 2675 tias
128 2637 222 2690 agere,
244 2621 318 2690 quod
332 2636 382 2688 pro
398 2620 486 2671 salute
501 2635 553 2670 sua
563 2619 646 2670 etiam
657 2615 795 2667 dormiam
804 2631 850 2668 err·

58 2700 180 2750 nebant.
