1822 3068
105 117 156 169 232
386 120 414 165 c.
434 118 619 167 SUETONH

105 242 296 297 libertinorum
311 240 386 295 illios
395 240 444 293 diu
452 256 509 293 noo
520 240 645 306 admisit,
655 239 784 293 edmhds
793 242 877 310 aprio·

105 318 182 370 ribus
200 317 371 385 principibus
385 314 504 368 honores
518 315 673 382 denegavit.
713 316 876 381 candidatos,

106 394 154 460 qui
168 407 252 460 supra
265 407 407 444 numerum
416 397 518 455 essent,
528 390 558 442 in
568 390 699 441 solatium
711 391 877 443 dilationlssr

105 482 201 519 morae
211 466 367 534 legionibus
376 466 546 533 praeposuit.
585 465 765 517 Consulatum
774 466 803 517 in
811 479 875 517 aanor

105 540 475 610 plenrmquemensesdedit.
508 538 875 608 Defunctoqueoiroallaler·

106 617 156 667 das
170 615 313 667 lanuarias
328 614 415 666 altero
430 630 445 666 e
461 614 632 678 oonsulibus,
646 614 782 667 neminem
796 612 875 666 subttl·

105 691 172 755 tuit,
191 689 350 755 irnprobans
360 689 513 757 exemplum
522 694 600 741 vetus
611 688 722 739 Caninii
731 688 827 753 Rebili,
834 700 874 739 uro

106 765 152 817 die
169 763 299 815 consulis.
337 760 528 832 Triumphalia
542 769 703 815 omameuta
715 763 799 816 etium
813 776 875 831 quar·

106 839 210 891 sturiae
219 836 362 904 dignitatis
376 843 403 889 et
416 837 554 889 nonnullis
566 852 598 890 ex
613 838 734 905 equestri
744 834 875 890 ordinatri-

106 913 180 975 buit,
190 927 240 963 uec
249 912 345 981 utique
355 912 389 964 de
399 928 484 964 causa
493 912 620 978 militari,
632 910 681 963 sed
695 918 723 964 et
738 912 772 965 de
786 911 874 980 pube

108 1001 214 1054 mulque
223 987 315 1038 rebus.
354 987 500 1039 Orationes
511 987 547 1037 ud
561 992 687 1039 senatum
697 987 874 1055 mmmmm

106 1061 189 1113 terito
211 1062 366 1129 quaestoris
386 1062 491 1127 officio,
511 1075 561 1129 per
580 1061 720 1113 consulem
739 1062 875 1131 plerunque

107 1136 252 1188 recitabat.

163 1208 237 1261 xvi.
260 1208 390 1261 Formam
404 1210 592 1262 aedificiorum
606 1209 690 1263 Urbis
702 1226 803 1263 noram
814 1220 875 1262 exot-

107 1284 218 1352 gitavit,
232 1289 260 1335 et
272 1292 304 1335 ut
317 1290 379 1336 ante
393 1285 498 1337 insulas
509 1300 542 1336 ao
552 1285 650 1337 domos
660 1285 785 1353 porticus
794 1286 875 1344 sutri,

109 1360 142 1410 de
166 1374 281 1426 quarum
305 1359 417 1411 solariis
439 1360 568 1412 incendia
593 1366 770 1424 aroarentur3
797 1368 875 1426 ersom

108 1439 220 1502 sumptu
228 1449 279 1485 suo
290 1436 433 1486 exstruxit.
467 1434 721 1495 Destinaratetlam
733 1435 876 1487 Ostiam

108 1508 219 1561 moenia
237 1523 416 1576 promovere,
438 1515 520 1577 atque
539 1510 603 1561 iude
622 1508 700 1561 fossa
720 1525 795 1563 mars
811 1502 877 1561 vetui

108 1584 178 1635 Urbi
190 1584 328 1636 inducere.
366 1583 457 1637 Multa
470 1585 520 1636 sub
535 1600 569 1636 eo
579 1590 607 1636 et
621 1584 877 1637 animadversam·

109 1674 152 1723 re,
177 1665 205 1710 et
228 1659 360 1723 coercita,
383 1674 434 1710 nec
457 1660 545 1710 minus
568 1659 705 1712 instituta.
756 1658 878 1711 nonium

110 1732 264 1800 sumptibus
287 1733 403 1785 modos:
432 1733 559 1801 publicae
578 1748 682 1786 coenae
701 1733 738 1787 ad
762 1728 878 1803 sportnltt

110 1808 253 1859 redactae:
263 1807 448 1873 interdictum,
460 1824 493 1860 ne
503 1809 569 1877 quid
578 1808 608 1860 in
617 1809 730 1877 popinis
741 1810 813 1862 coeti
820 1818 879 1877 prat·

109 1888 153 1932 ter
167 1881 305 1948 legumina
319 1888 368 1932 aut
382 1882 459 1934 olera
472 1884 589 1948 veniret,
604 1899 688 1951 quum
702 1890 786 1937 antea
796 1880 880 1935 nunu

110 1971 167 2007 non
182 1955 293 2006 obsonii
306 1971 391 2023 genus
405 1964 622 2025 proponeretur:
647 1956 745 2011 afflicti
759 1952 880 2027 supplirllt

112 2028 274 2094 Christiani,
293 2045 378 2098 genus
393 2029 532 2085 hominum
547 2033 754 2101 superstitionis
767 2046 848 2087 noras
857 2040 880 2079 tt

110 2104 270 2157 maleficae:
289 2106 368 2157 vetiti
383 2107 621 2175 quadrigar-lorum
639 2107 729 2173 lusus,
745 2109 840 2178 quibus
851 2104 881 2155 lt·

111 2182 234 2233 veterata
243 2179 357 2232 licentia
365 2182 469 2249 possint
483 2182 646 2250 vagantibus
660 2182 763 2237 vellere
773 2198 806 2235 ao
813 2173 882 2233 rani

110 2270 160 2322 per
173 2255 264 2308 iocum
277 2256 322 2307 ius
336 2264 414 2309 erat:
436 2257 668 2326 pantomimorum
686 2256 822 2311 factiones
837 2262 882 2306 rm

110 2330 180 2398 ipsis
189 2330 273 2382 simul
281 2330 428 2399 relegatae.

167 2404 254 2456 XVll.
267 2405 402 2459 Adversus
412 2405 542 2459 falsarios
550 2411 616 2458 tuno
625 2406 745 2474 primum
754 2410 881 2476 repartum

111 2494 145 2531 ne
159 2480 284 2544 tabulae,
304 2481 360 2532 nisi
371 2486 511 2548 pertusae,
532 2496 565 2532 ac
578 2486 621 2533 tar
634 2480 693 2534 lino
706 2495 758 2550 per
765 2476 883 2535 formu·

111 2555 241 2620 traieeto‚
253 2555 472 2623 obsignarentur.
512 2556 641 2621 Centrum,
652 2563 684 2607 ut
692 2560 723 2609 ln
732 2548 881 2610 mutum&

109 2628 217 2696 primae
232 2631 303 2683 duae
318 2646 409 2697 cerae,
418 2635 582 2685 testatorum
592 2630 676 2684 modo
687 2621 881 2686 nominabat·
