1874 3060
251 218 447 267 CLAUDIUS.
483 219 562 266 CAP.
583 220 622 265 2⁰.
641 221 681 266 21.
812 218 863 272 209

68 339 219 405 commisit,
233 355 429 410 nonnunquam
439 341 584 394 interiecta
594 358 642 410 per
653 344 753 411 quinos
762 344 862 396 missus

65 415 221 468 venatione.
262 416 342 468 circo
357 432 422 468 vero
436 417 557 468 maximo
570 419 733 470 manuoreis
747 421 862 470 carueri-

65 489 119 541 bus
129 490 290 558 auratisque
299 491 391 556 metis,
412 506 483 559 quae
497 498 614 559 utraque
624 489 862 559 ettophinaacli·

66 577 138 631 gnea
148 571 231 616 antea
240 565 602 634 fuerantexculto,propria
611 567 786 619 senatoribus
797 581 860 618 eon·

66 638 158 688 stituit
171 639 250 704 loca,
270 641 426 708 promiscue
441 646 565 708 spectare
580 641 682 692 solitis.
719 641 759 693 Ac
778 656 861 708 super

67 711 263 781 quadrigarum
284 716 433 766 certamina
447 716 550 767 Troiae
568 715 657 767 lusum
676 713 813 780 exhihuit,
833 721 862 766 et

66 785 222 853 Africanas,
244 789 405 841 conficiente
424 795 516 840 turma
534 791 654 858 equitum
669 789 860 859 praetoriano·

65 875 138 926 rum,
159 863 275 916 ducibus
288 864 407 916 tribunis
416 865 533 931 ipsoque
543 865 697 932 praefecto:
716 871 860 934 praetcrea

67 933 217 990 Thessalus
228 939 345 1007 equites,
366 939 415 1006 qui
429 939 503 990 feros
517 946 614 991 tauros
624 956 674 1007 per
683 941 775 1009 spatia
785 940 860 991 Circi

66 1017 166 1078 egunt,
185 1013 366 1080 insiliuntque
376 1012 513 1078 defessos,
535 1020 562 1066 et
572 1013 607 1064 ad
617 1021 719 1066 terram
730 1015 860 1066 cornibus

65 1083 221 1138 detrahunt.
256 1087 432 1139 Gladiatoria
441 1103 555 1140 munera
564 1089 738 1156 plurifariam
749 1104 782 1138 ac
791 1088 860 1138 mul·

64 1160 174 1228 tiplieia
184 1161 317 1214 exhibuit.
355 1163 578 1216 Anniversarium
591 1165 621 1214 in
637 1163 738 1215 castris
751 1167 860 1230 praeto·

65 1236 166 1300 rianio,
177 1238 237 1288 sine
246 1238 392 1289 venatione
403 1245 604 1307 apparatuque,
616 1240 723 1291 iustum,
730 1244 813 1306 atque
823 1237 860 1288 le·

64 1311 190 1377 gitimum
201 1313 231 1363 in
242 1311 346 1380 Septis,
357 1313 459 1364 ibidem
471 1314 720 1365 extraordinarium
732 1319 760 1364 et
768 1313 859 1374 breve,

64 1385 224 1454 dierumque
233 1403 393 1454 paucorum,
400 1388 529 1456 quodque
539 1388 774 1455 appellareeoepit
780 1386 860 1454 Spar·

64 1461 160 1524 talam
181 1462 247 1530 quia
257 1463 375 1529 primum
386 1461 500 1513 daturus
511 1461 646 1525 edixerat,
666 1462 737 1513 uelut
745 1461 782 1511 ad
789 1459 859 1512 suli·

64 1543 118 1586 tuae
129 1535 329 1603 condictamque
338 1538 472 1589 coenulam
483 1534 595 1587 invitare
605 1552 631 1587 se
639 1538 770 1602 psopalum.
800 1533 859 1586 Nec

63 1609 120 1662 nllo
131 1611 285 1678 spectaculi
294 1627 392 1678 genere
404 1610 575 1662 communior
585 1615 634 1660 aut
642 1609 857 1671 remissiorerat,

64 1684 134 1737 odeo
150 1690 182 1737 ut
197 1686 307 1738 oblatos
320 1687 473 1740 victoribus
488 1699 600 1747 alueos,
619 1683 731 1752 prolata
745 1682 859 1733 sinistra

63 1761 168 1826 puriter
188 1776 250 1812 eum
269 1762 366 1828 vulgo,
386 1776 454 1812 voce
470 1759 618 1827 digitisque
636 1762 804 1821 numeraret,
824 1772 859 1809 ao

63 1848 145 1904 saepe
154 1833 292 1888 hortando
308 1835 486 1903 rogandoque
501 1835 537 1885 ad
551 1832 718 1885 hilaritatem
733 1829 858 1883 homines

62 1907 240 1976 provocaret,
261 1911 377 1962 dominos
386 1910 535 1970 identidem
550 1909 705 1976 appellans,
724 1907 857 1959 immixtis

62 1984 199 2038 interdum
216 1985 326 2053 frigidis
341 1991 368 2036 et
382 1985 521 2036 arcessitis
533 1985 618 2036 ioeise
642 1983 733 2052 qualis
752 1988 806 2047 est,
826 1987 858 2032 ut

63 2073 144 2126 quum
155 2059 313 2111 Palumbum
322 2060 534 2128 postulantibus,
541 2059 663 2110 daturum
674 2074 708 2121 se,
720 2058 855 2127 promisit,

62 2134 189 2203 tieaptus
199 2143 273 2186 esset.
311 2135 383 2185 lllud
395 2149 504 2202 quoque
514 2134 607 2200 plane,
629 2133 802 2200 quantumvis
813 2148 856 2182 sa-

61 2209 177 2262 lubriter
187 2215 214 2262 et
223 2210 397 2277 intempore:
409 2224 491 2276 quum
502 2209 650 2272 essedario,
661 2223 712 2276 pro
724 2222 778 2273 quo
790 2220 856 2274 qua-

60 2290 123 2337 tuor
133 2285 188 2336 iiiii
201 2285 431 2352 deprecabantur,
452 2299 552 2350 magno
569 2283 690 2335 omnium
704 2281 800 2332 favore
814 2278 855 2330 in·

60 2359 192 2413 dulsisset
200 2359 295 2411 rudem
300 2398 309 2424 ,
323 2359 447 2411 tabulam
456 2357 533 2410 illico
544 2359 630 2421 misit,
647 2357 797 2407 admonens
806 2367 855 2420 po-

60 2435 165 2502 pulum,
177 2442 337 2501 quantopere
347 2433 440 2485 liberm
450 2432 579 2500 suscipere
589 2432 700 2492 deleret,
712 2443 775 2495 quos
785 2425 854 2478 es'de·

60 2518 102 2562 ret
111 2519 140 2562 et
147 2507 297 2579 gladiatori
302 2507 436 2577 praesidio
449 2507 607 2576 gratiaeque
621 2520 682 2557 esse.
722 2501 819 2553 Edidit
828 2509 856 2553 et

59 2584 199 2636 iniiertio
211 2598 308 2652 campo
320 2584 550 2651 expugnationem
561 2580 796 2647 direptionemque
807 2591 855 2644 op-

58 2659 120 2726 pidi
129 2659 168 2711 ad
177 2659 326 2727 imaginem
336 2658 473 2722 bellicam,
484 2663 513 2709 et
522 2651 855 2708 deditioncmBritanniae

59 2749 165 2803 regum,
175 2733 369 2804 praeseditque
377 2731 535 2802 paludatus.
575 2728 857 2795 Quineaemissurus

85 2828 232 2871 saeros.
639 2825 662 2872 t)
