1822 3068
118 187 150 238 36
399 190 425 236 G.
451 187 638 236 sunrunu·

117 313 208 378 ducis
229 326 312 380 quam
327 312 517 364 auctoritate·
538 309 565 362 N
567 327 603 363 on
616 312 688 364 enim
699 311 783 365 cessit
790 325 901 380 unquam

115 387 356 452 tumultuantibus,
369 395 451 454 atque
460 387 545 438 etiam
557 386 668 439 obviam
678 402 786 453 semper
794 387 836 438 iit.
872 385 901 437 Et

115 477 217 514 nonam
237 463 348 530 quidem
367 461 504 528 legionem
524 461 599 528 apud
616 460 800 526 Placentiam,
825 475 901 529 quau·

116 552 199 604 quam
218 535 309 589 adhue
326 537 356 588 iu
376 536 460 586 armis
474 534 622 602 Pompeius
640 542 724 600 esset,
744 542 833 588 totam
847 549 901 587 cum

114 612 267 678 ignominia
286 612 399 662 missam
418 609 496 674 fecit,
519 626 666 678 aegreque,
686 616 752 678 post
765 611 865 663 multas
878 613 901 660 et

114 687 252 754 supplices
261 701 369 753 preces,
389 700 441 736 nec
449 686 505 738 nisi
514 692 613 737 exacta
624 685 658 737 de
668 686 795 737 sontibus
808 698 900 754 poena,

112 761 241 812 restituit.

167 834 255 885 Lxx.
275 832 553 887 Decumanosautem
563 835 741 889 Romaecum
750 833 900 901 ingentibus

113 909 204 973 minis,
214 924 376 976 summoque
387 910 557 961 etiarnUrbis
566 910 700 978 periculo,
710 910 869 960 missionem
878 910 901 959 et

112 984 236 1049 praemia
244 982 415 1051 flagitantes,
426 983 539 1036 ardente
548 990 615 1036 tunc
623 985 653 1034 in
662 984 758 1036 Africa
766 983 850 1047 bello,
860 997 900 1034 ns·

112 1073 174 1124 que.
185 1058 264 1111 adire
283 1065 426 1111 cunctatus
446 1067 500 1123 est,
527 1074 684 1126 quanquam
708 1058 899 1112 deterrentibus

114 1133 220 1198 amicis,
231 1148 319 1200 neque
330 1134 481 1186 dimittere:
501 1134 616 1186 seduna
625 1150 707 1200 voce,
722 1150 778 1202 qua
790 1131 899 1199 Quirite

111 1223 160 1259 eos
170 1223 220 1275 pro
232 1208 357 1260 militibus
368 1209 534 1276 appellarat,
549 1215 606 1260 tam
616 1208 699 1261 facile
710 1207 869 1276 circumegit
876 1211 899 1257 ct

110 1281 199 1347 flexit,
214 1288 248 1334 ut
257 1284 295 1347 ei,
314 1283 409 1336 victites
420 1299 486 1346 esse,
503 1282 647 1335 confestim
658 1283 862 1350 responderint,
875 1284 898 1332 et

111 1358 235 1424 quamvis
246 1364 418 1410 recusantem
428 1358 502 1411 ultro
513 1358 543 1409 in
551 1357 674 1409 Africam
684 1359 741 1410 sint
750 1359 852 1420 secuti;
870 1369 899 1407 ac

110 1433 152 1482 sic
166 1447 276 1500 quoque
289 1433 532 1486 seditiosissimum
547 1448 680 1500 quemque
694 1440 722 1485 et
738 1433 858 1502 praedae
876 1434 899 1482 et

111 1507 172 1573 agri
182 1506 314 1560 destinati
322 1509 406 1560 tertia
416 1514 495 1577 parte
505 1508 640 1560 multavit.

165 1580 266 1634 LXXI.
287 1583 414 1636 Studium
428 1589 456 1636 et
470 1582 538 1635 fides
552 1598 619 1649 erga
632 1582 745 1634 clientes
759 1598 794 1636 ne
814 1579 899 1635 iuveni

110 1656 221 1723 quidem
235 1657 388 1710 defuerunt.
426 1656 608 1720 Masintham,
629 1657 752 1709 nobilem
771 1659 898 1718 iuvenem,

110 1747 194 1799 quum
204 1732 336 1784 adversus
346 1732 535 1798 Hiempsalem
549 1746 641 1798 regern
655 1734 803 1785 tamenixe
814 1731 899 1784 deien-

109 1807 207 1869 disset,
227 1807 365 1870 utlnbae,
381 1806 454 1872 regis
465 1805 537 1869 lilio,
558 1806 588 1856 in
599 1806 780 1859 altercatione
790 1809 899 1859 barbam

107 1879 253 1944 invaserit,
277 1879 487 1947 stipendiarium
513 1895 622 1948 quoque
646 1883 858 1949 pronunciatum
876 1885 899 1932 et

109 1951 332 2006 abstrahentibus
347 1955 441 2006 statim
456 1954 558 2022 eripuit
572 1955 776 2024 occultavitque
791 1955 865 2025 apud
873 1968 898 2006 se

108 2029 170 2092 diu,
186 2034 300 2093 etmox,
317 2044 352 2082 ex
361 2035 492 2097 practura
501 2031 679 2097 proficiscens
689 2031 719 2081 in
729 2031 898 2099 Hispaniam,

107 2105 180 2155 inter
191 2105 284 2155 officia
297 2105 521 2172 prosequentium
532 2105 676 2173 fascesque
686 2106 818 2158 lictorum
829 2105 899 2159 leoti-

109 2193 204 2229 casua
214 2180 314 2231 avexit.

110 2282 114 2287 ·
163 2252 276 2306 bxxlr.
291 2255 402 2306 Anticus
411 2262 491 2307 tanta
500 2269 608 2325 semper
617 2254 753 2308 facilitate
762 2255 900 2323 indulgen·

107 2330 203 2397 tiaque
211 2331 355 2394 manarit,
366 2337 398 2381 ut
408 2331 438 2382 G.
451 2330 555 2397 Oppio,
571 2331 716 2382 comitanti
726 2347 755 2383 se
764 2345 815 2399 per
824 2330 900 2381 silve-

107 2410 165 2456 stre
172 2405 239 2468 iter,
255 2411 440 2473 correptoque
451 2407 544 2457 subita
553 2404 724 2470 valetudine,
740 2411 768 2457 et
777 2405 900 2458 deverso-

107 2479 190 2544 riolo,
202 2480 276 2548 quod
286 2495 370 2531 unum
382 2485 454 2544 erat,
467 2479 567 2549 [lecto]
581 2480 706 2544 cesserit,
722 2480 820 2547 etipse
829 2477 901 2531 humi

108 2569 142 2604 ac
151 2555 202 2606 sub
212 2555 277 2608 divo
289 2555 423 2607 cubuerit.
443 2555 502 2605 lam
513 2561 603 2606 autem
613 2569 704 2604 rerum
715 2561 814 2621 potens
823 2569 901 2623 quos

108 2628 171 2677 dam
190 2630 384 2682 etiaminlimi
402 2629 510 2697 generis
530 2629 567 2680 sd
581 2628 767 2696 amplissimos
785 2629 901 2682 bonores

97 2704 242 2767 prorexit.
283 2704 421 2769 Qumnob
430 2703 462 2757 id
471 2704 641 2773 culparetur,
651 2704 795 2772 professus
804 2711 848 2759 est
856 2718 901 2773 ps-
