1874 3060
221 174 332 221 Naso.
368 175 446 223 GAP.
464 176 580 222 27-31.
746 173 797 229 m

134 311 164 347 m
180 296 216 348 ad
231 298 352 365 stipitem
367 296 795 366 deligatoruminguinainvade·

129 385 192 427 num
207 370 314 422 affatim
325 371 504 437 desaevisset,
520 373 699 424 conficeretur
708 389 726 425 a
735 373 793 426 Do·

142 443 261 497 liberto:
282 446 328 497 cui
347 447 443 510 etiam,
464 447 536 498 sicut
549 447 605 514 ipsi
619 446 737 514 Sporus,
752 450 793 500 ita

119 519 217 586 lupuit,
237 535 319 571 voces
330 536 439 586 quoque
453 526 481 572 et
494 520 612 572 eiulatus
622 521 678 572 vim'
687 523 793 588 paticu-

115 593 211 660 ginum
221 593 355 644 inritatus.
384 593 427 644 Ex
436 594 577 646 nonnullis
587 596 721 663 comperi,
733 611 793 662 per·

109 683 189 719 rmum
198 665 328 718 habuisse
340 683 410 731 eum,
420 669 556 720 nemiuem
565 667 703 721 hominem
713 670 793 736 pudi-

104 747 143 793 mt
160 741 220 792 ulla
239 742 364 807 eorporis
383 748 461 808 parte
480 758 578 809 purum
597 759 676 806 esse;
699 759 794 796 verum

98 831 145 884 que
154 815 328 867 dissimulare
338 816 444 879 vitium,
450 822 477 868 et
487 817 640 870 calliditate
650 818 792 886 obtegere

94 905 117 942 re
131 889 264 957 professis
279 890 353 956 apud
366 905 396 941 se
412 891 608 943 obscenitatem
624 899 715 945 oetera
725 908 794 960 quo·

89 965 233 1016 incessisse
244 964 354 1015 delicta.

85 1039 144 1089 XX.
178 1038 346 1089 Diuitiarum
375 1043 403 1089 et
431 1038 564 1103 pecuniae
591 1038 712 1091 fructum
737 1055 795 1092 nou

79 1113 225 1180 mutabat,
241 1128 322 1179 quam
338 1111 545 1178 prolusionemr
565 1113 694 1165 sordidos
705 1114 795 1166 acde-

74 1201 101 1237 rs
120 1201 193 1250 esse,
215 1187 314 1252 quibus
337 1186 410 1237 ratio
430 1186 616 1253 impensarum
635 1193 794 1249 constarct3
836 1196 839 1202 '

69 1259 162 1311 lautos
181 1252 297 1327 vereque
312 1260 487 1327 magnificos,
508 1261 556 1328 qui
570 1262 747 1313 abuterentur
761 1277 796 1314 ac

64 1339 155 1385 terent.
194 1332 343 1385 Laudabat
352 1334 558 1400 mirabaturque
569 1335 732 1387 avunculum
744 1336 795 1388 Ca·

72 1407 150 1459 nullo
166 1408 254 1474 magis
267 1408 390 1471 nomine,
406 1423 488 1473 quam
499 1408 573 1475 quod
587 1410 710 1476 ingentes
721 1425 738 1460 a
748 1411 796 1461 'ri-

54 1484 80 1534 lo
108 1481 222 1533 relictas
246 1497 312 1547 opes
335 1483 365 1532 iu
393 1482 471 1533 brevi
498 1482 590 1548 spatio
614 1483 796 1550 prodegisset.

49 1570 96 1607 are
110 1570 161 1606 nec
174 1555 311 1622 largiendi
330 1570 381 1607 uec
395 1555 556 1606 absumendi
569 1555 681 1606 modum
699 1558 795 1609 tenuit.

48 1628 208 1693 Tiridatem,
220 1629 294 1696 quod
303 1630 350 1680 vix
361 1628 492 1680 credibile
501 1628 640 1692 videatru,
652 1630 797 1696 octingena

48 1703 143 1757 ararim
156 1703 246 1754 millia
259 1704 359 1755 diurna
372 1703 511 1770 erogavit,
531 1703 697 1770 abeuntique
715 1719 798 1771 super

48 1779 159 1831 tertium
178 1777 278 1829 millies
299 1778 424 1829 contulit.
466 1777 642 1829 Menecraten
661 1775 796 1831 citharoe-

48 1852 248 1921 netSpiculum
258 1852 450 1907 mirmillonem
460 1847 666 1918 triumphalium
674 1853 797 1906 virorum

48 1927 181 1981 rimouiis
204 1926 373 1993 aedibusque
399 1926 522 1998 donavit.
572 1925 844 1992 cercopithecum

48 2008 177 2066 cerotem,
188 2000 412 2065 feneratorem&
421 2000 535 2052 urbanis
544 2000 709 2068 rusticisque
719 2016 810 2069 prae·

48 2075 282 2144 ilocupletatum,
297 2090 384 2142 prope
393 2075 470 2141 regio
481 2074 580 2126 exuriit
588 2073 693 2128 funere.
730 2076 797 2128 Nui-

48 2156 177 2203 rvesters
196 2150 240 2200 bis
258 2149 359 2200 induit.
398 2148 604 2216 Quadringenis
618 2150 649 2201 in
667 2157 798 2218 puuctum

48 2224 141 2277 aruis
151 2223 241 2276 aleam
250 2224 329 2275 lrrsit.
356 2221 484 2273 Piscator
493 2229 536 2274 est
545 2230 602 2275 rete
612 2231 723 2286 aurato,
735 2239 798 2290 pur·

48 2314 77 2350 ra
93 2312 236 2364 ccoeoque
254 2297 369 2349 funibus
386 2297 473 2348 nexis.
511 2296 657 2364 Nunquam
678 2296 799 2348 carrucis

48 2388 96 2425 uua
110 2371 188 2423 mille
202 2370 300 2423 iecisse
309 2372 364 2423 iter
371 2370 504 2435 traditur,
515 2371 600 2423 soleis
609 2370 745 2421 mularum
756 2385 799 2420 ar-

48 2447 123 2511 uus,
139 2445 310 2498 canusinatis
325 2445 510 2510 mulionibru,
522 2444 661 2497 amrillata
671 2451 698 2497 et
707 2441 800 2513 phale·

48 2538 68 2575 a
77 2519 288 2573 bamaxiccrum
297 2521 380 2573 turba
390 2526 473 2588 atque
484 2534 636 2571 cursorum.

60 2593 168 2649 xxxi.
187 2592 251 2646 Non
264 2594 294 2646 in
308 2594 366 2647 alia
378 2610 409 2647 re
422 2601 515 2651 tamen
524 2592 699 2656 minuunt,
720 2607 802 2661 quam

48 2667 231 2725 afflando.
245 2667 364 2723 Domum
375 2666 513 2723 aPalatic
519 2666 659 2734 Esquilias
668 2682 755 2736 arsque
764 2667 803 2721 ic·

591 2759 652 2814 Μ
