1822 3068
112 198 163 250 238
371 198 399 247 c.
423 196 610 246 suurouu

111 326 218 374 nessa
250 317 306 373 Sed
316 335 399 388 quum
409 320 481 372 iuter
490 320 573 372 initia
580 320 692 389 imperii
701 320 826 375 eburneis
835 336 885 391 qna·

112 397 199 464 drigls
209 395 334 463 qssntidie
342 396 372 446 in
382 395 469 446 abaco
479 395 599 460 luderet,
610 394 646 446 ad
657 412 754 449 omnm
763 397 842 449 etism
850 396 885 449 ssl-

111 472 202 523 nimns
216 471 358 522 Circenses
372 485 387 521 e
401 484 511 521 secessu
523 470 709 535 commeabat,
720 472 809 539 primo
822 471 884 535 den,

113 546 211 598 deinde
229 545 387 613 propalam,
407 549 439 595 nt
455 544 559 595 nemini
577 544 692 595 dubium
712 552 797 610 mast,
809 562 840 599 ee
851 545 883 597 slis

111 621 207 688 ntique
230 618 390 670 affistnrnm.
438 617 533 685 Neque
557 617 766 685 dissimulabat,
784 620 882 673 vellsss

110 695 266 764 palmarum
292 707 434 744 nnmerum
463 693 616 761 surpliarez
649 708 737 761 quare
764 700 881 762 speetscs·

110 769 168 820 lnm
190 766 381 835 multiplicatis
404 767 533 818 missibus
556 767 586 819 in
610 783 702 819 serum
725 766 881 838 preti-abels-

110 850 169 907 tur,
189 857 224 893 ne
243 841 362 892 inmissis
383 841 491 908 quidem
514 842 571 891 iam
594 840 749 895 laetinnnm
768 842 880 912 uigens

110 917 176 980 bus,
187 916 242 967 nisi
252 916 288 966 ad
298 916 384 967 tetius
395 915 451 966 diei
462 930 579 979 uersum,
590 931 687 984 greges
698 917 807 971 ducere.
831 916 880 969 sle

110 991 207 1058 etipse
217 990 353 1057 aurigare,
365 997 447 1057 atque
457 990 540 1041 etiam
550 992 671 1057 spectari
680 991 772 1044 voluit
780 992 879 1061 saepiu:

109 1062 880 1137 pesiteqneinhertisinterservitiaetsordidamplsbfl

108 1140 277 1203 subiciente,
291 1141 480 1190 universorum
493 1154 524 1190 se
538 1138 626 1191 ecniis
640 1140 670 1191 iu
685 1141 768 1193 Circe
782 1140 880 1193 marim

108 1214 250 1282 praebuit,
261 1213 355 1281 aliquo
366 1214 465 1264 liberte
476 1214 601 1265 mittente
610 1228 755 1283 mappam,
764 1215 879 1269 tuden

108 1288 241 1355 gistratum
261 1287 360 1339 solent.
398 1287 457 1338 Nec
470 1294 615 1340 contentus
628 1287 728 1341 harum
742 1291 838 1343 artiu
847 1300 879 1341 sx-

109 1362 261 1428 perimeuta
270 1361 375 1414 Romae
385 1362 506 1425 dedisse,
516 1359 705 1427 Achaium‚nt
713 1364 879 1431 diximum

108 1436 155 1500 tit,
167 1433 231 1488 binc
240 1436 359 1488 maxima
370 1443 469 1488 nsoms.
492 1436 672 1490 instituerant
680 1434 880 1509 civitatempll

109 1524 178 1578 quas
187 1511 288 1563 musici
297 1526 400 1578 agones
410 1511 455 1562 edi
464 1510 562 1575 solent,
574 1528 669 1565 omnes
678 1513 879 1568 citharaedum

109 1600 228 1637 cernuas
242 1585 278 1637 ad
292 1586 383 1653 ipsum
397 1586 514 1637 mittere.
553 1585 609 1637 lias
619 1586 691 1639 aden
700 1596 781 1656 grate
788 1588 879 1657 tesiph-

107 1659 168 1724 bat,
183 1667 215 1712 ut
228 1660 348 1729 legatos,
364 1660 412 1727 qul
426 1659 615 1726 pertulissent,
629 1677 686 1714 neu
701 1663 787 1717 nunde
796 1662 879 1735 prim·

108 1734 276 1800 admitteret,
293 1735 437 1786 sedetiam
452 1733 637 1787 familiaribus
647 1737 738 1805 epulis
747 1739 879 1809 iutcspm

107 1815 157 1859 ret.
196 1811 219 1859 A
230 1809 394 1878 quibusdam
404 1823 439 1860 ex
452 1806 495 1859 bis
505 1814 632 1877 regatus,
643 1818 675 1862 nt
686 1819 810 1867 mutaret
817 1822 879 1879 supet

108 1897 234 1948 coenam,
267 1889 451 1950 exceptusque
479 1882 607 1949 effusius,
636 1887 704 1938 seles
722 1888 791 1940 scire
807 1883 878 1941 ss&

109 1956 237 2019 Graecos,
258 1960 374 2023 solesque
389 1973 416 2007 se
431 1967 458 2008 et
470 1958 563 2010 studiis
576 1959 631 2010 scis
645 1960 742 2030 dignes
756 1964 805 2015 alt.
835 1958 878 2013 lle

106 2030 277 2096 proiectione
298 2031 402 2095 dilata,
422 2037 454 2083 nt
472 2034 589 2100 primum
610 2035 764 2105 Cassiopen
781 2032 877 2095 unisti.

106 2106 201 2156 statim
210 2107 247 2158 ad
257 2122 334 2158 aram
343 2107 419 2158 lovis
429 2107 519 2159 Cassii
529 2116 640 2162 cantare
651 2113 810 2180 auspicatus
817 2114 859 2164 cti·

162 2181 263 2234 XXlll.
287 2183 445 2233 Cemamina
459 2182 587 2252 deinceps
602 2185 673 2237 nbiit
689 2188 793 2241 emula.
824 2182 876 2239 Nu

107 2266 135 2312 et
154 2272 225 2327 quae
245 2257 494 2309 diversissimorum
512 2265 666 2327 temporum
685 2267 770 2327 sunt,
788 2256 876 2329 ceslii

105 2350 190 2387 nuum
219 2348 334 2396 aununr,
361 2331 525 2399 quibusdam
553 2336 636 2386 etiam
660 2336 783 2401 iteratis,
806 2332 874 2387 ludi
910 2367 911 2372 =

107 2408 253 2477 Olympiae
268 2422 377 2476 qnoque
396 2412 505 2473 praeter
519 2410 746 2463 censnetudinem
764 2410 873 2463 mauu·
905 2392 911 2464 ,¹

104 2499 196 2552 agona
210 2482 357 2535 cummisit.
395 2480 435 2531 lic
448 2496 482 2533 ue
493 2484 559 2550 qnid
569 2485 644 2536 circa
654 2482 724 2538 haec
733 2488 871 2553 ecmptffl
902 2465 911 2544 i,

103 2564 233 2611 avocaret
246 2558 424 2619 detineretis,
442 2571 528 2623 quum
543 2560 700 2627 praesentia
712 2562 772 2613 eius
783 2557 871 2611 nrbw
899 2543 911 2622 i

101 2650 145 2684 res
159 2648 238 2700 egere
254 2648 272 2682 a
285 2630 384 2684 liberte
395 2630 479 2683 Helie
491 2633 693 2700 adsueueretur,
703 2626 869 2703 rescripdffll
897 2613 911 2672 Ι

99 2707 210 2759 serbis:
232 2705 358 2774 Quamuis
376 2720 447 2758 asse
465 2714 540 2760 unm
553 2708 692 2763 mutilibus
704 2709 742 2765 ss't
753 2714 866 2765 cm,
895 2671 911 2768 i
