<?xml version="1.0" encoding="UTF-8"?>
<!DOCTYPE html PUBLIC "-//W3C//DTD XHTML 1.0 Transitional//EN"
    "http://www.w3.org/TR/xhtml1/DTD/xhtml1-transitional.dtd">
<html xmlns="http://www.w3.org/1999/xhtml" xml:lang="en" lang="en">
 <head>
  <title>
</title>
<meta http-equiv="Content-Type" content="text/html;charset=utf-8" />
  <meta name='ocr-system' content='tesseract 3.04.00' />
  <meta name='ocr-capabilities' content='ocr_page ocr_carea ocr_par ocr_line ocrx_word'/>
</head>
<body>
  <div class='ocr_page' id='page_1' title='image "./csuetoniitranqu00trangoog_0160.png"; bbox 0 0 1874 3060; ppageno 0'>
   <div class='ocr_carea' id='block_1_1' title="bbox 245 169 862 224">
    <p class='ocr_par' dir='ltr' id='par_1_1' title="bbox 245 169 862 224">
     <span class='ocr_line' id='line_1_1' title="bbox 245 169 862 224; baseline 0.008 -5"><span class='ocrx_word' id='word_1_1' title='bbox 245 170 434 220; x_wconf 77' lang='lat' dir='ltr'><strong>rrnltnws.</strong></span> <span class='ocrx_word' id='word_1_2' title='bbox 468 171 548 221; x_wconf 73' lang='lat' dir='ltr'><strong>cir.</strong></span> <span class='ocrx_word' id='word_1_3' title='bbox 566 174 682 220; x_wconf 76' lang='lat' dir='ltr'><strong>su-tt.</strong></span> <span class='ocrx_word' id='word_1_4' title='bbox 811 169 862 224; x_wconf 72' lang='lat' dir='ltr'><strong>li?</strong></span> 
     </span>
    </p>
   </div>
   <div class='ocr_carea' id='block_1_2' title="bbox 67 260 861 364">
    <p class='ocr_par' dir='ltr' id='par_1_2' title="bbox 67 260 861 364">
     <span class='ocr_line' id='line_1_2' title="bbox 67 260 861 364; baseline 0.001 -15"><span class='ocrx_word' id='word_1_5' title='bbox 67 296 108 349; x_wconf 87' lang='lat' dir='ltr'><strong>rio</strong></span> <span class='ocrx_word' id='word_1_6' title='bbox 123 294 261 364; x_wconf 72' lang='lat' dir='ltr'><strong>peronem</strong></span> <span class='ocrx_word' id='word_1_7' title='bbox 276 296 366 364; x_wconf 84' lang='lat' dir='ltr'><strong>cupite</strong></span> <span class='ocrx_word' id='word_1_8' title='bbox 378 260 495 364; x_wconf 86' lang='lat' dir='ltr'><strong>punivit.</strong></span> <span class='ocrx_word' id='word_1_9' title='bbox 532 294 563 345; x_wconf 93' lang='lat' dir='ltr'><strong>ln</strong></span> <span class='ocrx_word' id='word_1_10' title='bbox 577 295 697 363; x_wconf 82' lang='lat' dir='ltr'><strong>quodam</strong></span> <span class='ocrx_word' id='word_1_11' title='bbox 710 297 808 350; x_wconf 83' lang='lat' dir='ltr'><strong>itinere</strong></span> <span class='ocrx_word' id='word_1_12' title='bbox 823 298 861 350; x_wconf 86' lang='lat' dir='ltr'><strong>le·</strong></span> 
     </span>
    </p>
   </div>
   <div class='ocr_carea' id='block_1_3' title="bbox 60 368 859 2737">
    <p class='ocr_par' dir='ltr' id='par_1_3' title="bbox 64 368 859 586">
     <span class='ocr_line' id='line_1_3' title="bbox 66 368 848 439; baseline 0.005 -17"><span class='ocrx_word' id='word_1_13' title='bbox 66 372 152 434; x_wconf 81' lang='lat' dir='ltr'><strong>cticu,</strong></span> <span class='ocrx_word' id='word_1_14' title='bbox 165 384 221 437; x_wconf 84' lang='lat' dir='ltr'><strong>qus</strong></span> <span class='ocrx_word' id='word_1_15' title='bbox 230 368 392 436; x_wconf 78' lang='lat' dir='ltr'><strong>vehebatur,</strong></span> <span class='ocrx_word' id='word_1_16' title='bbox 406 371 535 439; x_wconf 86' lang='lat' dir='ltr'><strong>vepribus</strong></span> <span class='ocrx_word' id='word_1_17' title='bbox 545 369 692 437; x_wconf 77' lang='lat' dir='ltr'><strong>impedite,</strong></span> <span class='ocrx_word' id='word_1_18' title='bbox 703 372 848 439; x_wconf 72' lang='lat' dir='ltr'><strong>explorato</strong></span> 
     </span>
     <span class='ocr_line' id='line_1_4' title="bbox 64 443 859 512; baseline 0.004 -16"><span class='ocrx_word' id='word_1_19' title='bbox 64 461 122 497; x_wconf 90' lang='lat' dir='ltr'><strong>rem</strong></span> <span class='ocrx_word' id='word_1_20' title='bbox 133 445 205 509; x_wconf 82' lang='lat' dir='ltr'><strong>viae,</strong></span> <span class='ocrx_word' id='word_1_21' title='bbox 215 446 366 512; x_wconf 75' lang='lat' dir='ltr'><strong>primorum</strong></span> <span class='ocrx_word' id='word_1_22' title='bbox 377 443 532 497; x_wconf 80' lang='lat' dir='ltr'><strong>cohortium</strong></span> <span class='ocrx_word' id='word_1_23' title='bbox 542 445 738 510; x_wconf 87' lang='lat' dir='ltr'><strong>centurionem,</strong></span> <span class='ocrx_word' id='word_1_24' title='bbox 743 452 859 499; x_wconf 79' lang='lat' dir='ltr'><strong>stratum</strong></span> 
     </span>
     <span class='ocr_line' id='line_1_5' title="bbox 64 517 560 586; baseline 0.004 -17"><span class='ocrx_word' id='word_1_25' title='bbox 64 517 145 570; x_wconf 86' lang='lat' dir='ltr'><strong>humi</strong></span> <span class='ocrx_word' id='word_1_26' title='bbox 152 534 238 586; x_wconf 86' lang='lat' dir='ltr'><strong>pseue</strong></span> <span class='ocrx_word' id='word_1_27' title='bbox 250 520 285 570; x_wconf 81' lang='lat' dir='ltr'><strong>ud</strong></span> <span class='ocrx_word' id='word_1_28' title='bbox 295 534 388 571; x_wconf 86' lang='lat' dir='ltr'><strong>necem</strong></span> <span class='ocrx_word' id='word_1_29' title='bbox 398 520 560 571; x_wconf 75' lang='lat' dir='ltr'><strong>verberavit.</strong></span> 
     </span>
    </p>

    <p class='ocr_par' dir='ltr' id='par_1_4' title="bbox 60 592 859 2737">
     <span class='ocr_line' id='line_1_6' title="bbox 120 592 859 664; baseline 0.005 -21"><span class='ocrx_word' id='word_1_30' title='bbox 120 592 196 644; x_wconf 85' lang='lat' dir='ltr'><strong>LXi.</strong></span> <span class='ocrx_word' id='word_1_31' title='bbox 220 593 289 646; x_wconf 87' lang='lat' dir='ltr'><strong>Mox</strong></span> <span class='ocrx_word' id='word_1_32' title='bbox 311 594 341 645; x_wconf 93' lang='lat' dir='ltr'><strong>in</strong></span> <span class='ocrx_word' id='word_1_33' title='bbox 366 609 445 646; x_wconf 88' lang='lat' dir='ltr'><strong>omne</strong></span> <span class='ocrx_word' id='word_1_34' title='bbox 463 609 549 661; x_wconf 82' lang='lat' dir='ltr'><strong>genus</strong></span> <span class='ocrx_word' id='word_1_35' title='bbox 568 594 742 647; x_wconf 74' lang='lat' dir='ltr'>crudelitatis</span> <span class='ocrx_word' id='word_1_36' title='bbox 760 595 859 664; x_wconf 79' lang='lat' dir='ltr'>erupit,</span> 
     </span>
     <span class='ocr_line' id='line_1_7' title="bbox 62 668 859 737; baseline 0.004 -17"><span class='ocrx_word' id='word_1_37' title='bbox 62 682 205 735; x_wconf 79' lang='lat' dir='ltr'><strong>nunquam</strong></span> <span class='ocrx_word' id='word_1_38' title='bbox 226 668 368 720; x_wconf 81' lang='lat' dir='ltr'><strong>deficiente</strong></span> <span class='ocrx_word' id='word_1_39' title='bbox 386 669 517 720; x_wconf 69' lang='lat' dir='ltr'><strong>meterius</strong></span> <span class='ocrx_word' id='word_1_40' title='bbox 540 685 624 736; x_wconf 87' lang='lat' dir='ltr'><strong>quum</strong></span> <span class='ocrx_word' id='word_1_41' title='bbox 642 670 733 737; x_wconf 87' lang='lat' dir='ltr'><strong>primo</strong></span> <span class='ocrx_word' id='word_1_42' title='bbox 752 671 859 736; x_wconf 80' lang='lat' dir='ltr'><strong>matris,</strong></span> 
     </span>
     <span class='ocr_line' id='line_1_8' title="bbox 63 743 859 810; baseline 0.004 -16"><span class='ocrx_word' id='word_1_43' title='bbox 63 744 129 795; x_wconf 90' lang='lat' dir='ltr'><strong>dein</strong></span> <span class='ocrx_word' id='word_1_44' title='bbox 139 749 271 810; x_wconf 85' lang='lat' dir='ltr'><strong>nepotum</strong></span> <span class='ocrx_word' id='word_1_45' title='bbox 283 748 311 794; x_wconf 92' lang='lat' dir='ltr'><strong>et</strong></span> <span class='ocrx_word' id='word_1_46' title='bbox 324 758 424 808; x_wconf 82' lang='lat' dir='ltr'><strong>nurus,</strong></span> <span class='ocrx_word' id='word_1_47' title='bbox 444 748 583 810; x_wconf 86' lang='lat' dir='ltr'><strong>postremo</strong></span> <span class='ocrx_word' id='word_1_48' title='bbox 599 743 693 797; x_wconf 85' lang='lat' dir='ltr'><strong>Sciuui</strong></span> <span class='ocrx_word' id='word_1_49' title='bbox 705 743 859 797; x_wconf 73' lang='lat' dir='ltr'>familiares</span> 
     </span>
     <span class='ocr_line' id='line_1_9' title="bbox 64 817 859 886; baseline 0.004 -19"><span class='ocrx_word' id='word_1_50' title='bbox 64 824 148 885; x_wconf 78' lang='lat' dir='ltr'><strong>utque</strong></span> <span class='ocrx_word' id='word_1_51' title='bbox 158 817 242 868; x_wconf 81' lang='lat' dir='ltr'><strong>etiam</strong></span> <span class='ocrx_word' id='word_1_52' title='bbox 253 823 335 869; x_wconf 91' lang='lat' dir='ltr'><strong>notos</strong></span> <span class='ocrx_word' id='word_1_53' title='bbox 344 823 561 886; x_wconf 89' lang='lat' dir='ltr'><strong>persequeretur.</strong></span> <span class='ocrx_word' id='word_1_54' title='bbox 597 817 667 871; x_wconf 91' lang='lat' dir='ltr'><strong>Post</strong></span> <span class='ocrx_word' id='word_1_55' title='bbox 677 820 754 872; x_wconf 89' lang='lat' dir='ltr'><strong>cuius</strong></span> <span class='ocrx_word' id='word_1_56' title='bbox 764 820 859 872; x_wconf 79' lang='lat' dir='ltr'><strong>interi·</strong></span> 
     </span>
     <span class='ocr_line' id='line_1_10' title="bbox 62 891 858 963; baseline 0.005 -20"><span class='ocrx_word' id='word_1_57' title='bbox 62 899 122 943; x_wconf 89' lang='lat' dir='ltr'><strong>tum</strong></span> <span class='ocrx_word' id='word_1_58' title='bbox 133 891 178 943; x_wconf 85' lang='lat' dir='ltr'><strong>vel</strong></span> <span class='ocrx_word' id='word_1_59' title='bbox 187 892 364 944; x_wconf 78' lang='lat' dir='ltr'><strong>saevissimus</strong></span> <span class='ocrx_word' id='word_1_60' title='bbox 379 892 496 945; x_wconf 87' lang='lat' dir='ltr'><strong>exstitit:</strong></span> <span class='ocrx_word' id='word_1_61' title='bbox 517 908 571 960; x_wconf 90' lang='lat' dir='ltr'><strong>quo</strong></span> <span class='ocrx_word' id='word_1_62' title='bbox 586 895 704 947; x_wconf 83' lang='lat' dir='ltr'><strong>maxime</strong></span> <span class='ocrx_word' id='word_1_63' title='bbox 720 895 858 963; x_wconf 84' lang='lat' dir='ltr'><strong>uppsruit,</strong></span> 
     </span>
     <span class='ocr_line' id='line_1_11' title="bbox 62 966 859 1036; baseline 0.001 -18"><span class='ocrx_word' id='word_1_64' title='bbox 62 981 120 1018; x_wconf 90' lang='lat' dir='ltr'><strong>uon</strong></span> <span class='ocrx_word' id='word_1_65' title='bbox 134 971 192 1017; x_wconf 85' lang='lat' dir='ltr'><strong>tum</strong></span> <span class='ocrx_word' id='word_1_66' title='bbox 206 967 298 1034; x_wconf 89' lang='lat' dir='ltr'><strong>ipsum</strong></span> <span class='ocrx_word' id='word_1_67' title='bbox 312 967 348 1018; x_wconf 83' lang='lat' dir='ltr'><strong>sb</strong></span> <span class='ocrx_word' id='word_1_68' title='bbox 363 966 464 1020; x_wconf 84' lang='lat' dir='ltr'><strong>Seiano</strong></span> <span class='ocrx_word' id='word_1_69' title='bbox 480 967 615 1019; x_wconf 80' lang='lat' dir='ltr'><strong>concitari</strong></span> <span class='ocrx_word' id='word_1_70' title='bbox 628 969 755 1034; x_wconf 86' lang='lat' dir='ltr'><strong>solitum,</strong></span> <span class='ocrx_word' id='word_1_71' title='bbox 775 983 859 1036; x_wconf 83' lang='lat' dir='ltr'><strong>quum</strong></span> 
     </span>
     <span class='ocr_line' id='line_1_12' title="bbox 63 1040 859 1108; baseline 0.001 -15"><span class='ocrx_word' id='word_1_72' title='bbox 63 1040 195 1093; x_wconf 75' lang='lat' dir='ltr'><strong>Seianum</strong></span> <span class='ocrx_word' id='word_1_73' title='bbox 206 1041 349 1108; x_wconf 80' lang='lat' dir='ltr'><strong>quaerenti</strong></span> <span class='ocrx_word' id='word_1_74' title='bbox 359 1042 519 1093; x_wconf 78' lang='lat' dir='ltr'><strong>occasiones</strong></span> <span class='ocrx_word' id='word_1_75' title='bbox 529 1042 761 1096; x_wconf 78' lang='lat' dir='ltr'><strong>subministrasse.</strong></span> <span class='ocrx_word' id='word_1_76' title='bbox 797 1043 859 1094; x_wconf 82' lang='lat' dir='ltr'><strong>Etsi</strong></span> 
     </span>
     <span class='ocr_line' id='line_1_13' title="bbox 63 1115 858 1185; baseline 0.001 -17"><span class='ocrx_word' id='word_1_77' title='bbox 63 1117 262 1168; x_wconf 76' lang='lat' dir='ltr'><strong>commentario</strong></span> <span class='ocrx_word' id='word_1_78' title='bbox 267 1153 275 1180; x_wconf 92' lang='lat'><em>,</em></span> <span class='ocrx_word' id='word_1_79' title='bbox 296 1131 376 1185; x_wconf 90' lang='lat' dir='ltr'><strong>quem</strong></span> <span class='ocrx_word' id='word_1_80' title='bbox 391 1115 493 1168; x_wconf 78' lang='lat' dir='ltr'><strong>devitu</strong></span> <span class='ocrx_word' id='word_1_81' title='bbox 502 1131 554 1168; x_wconf 81' lang='lat' dir='ltr'><strong>sun</strong></span> <span class='ocrx_word' id='word_1_82' title='bbox 563 1118 718 1168; x_wconf 79' lang='lat' dir='ltr'><strong>muumstim</strong></span> <span class='ocrx_word' id='word_1_83' title='bbox 728 1118 858 1169; x_wconf 85' lang='lat' dir='ltr'><strong>breviter-</strong></span> 
     </span>
     <span class='ocr_line' id='line_1_14' title="bbox 64 1190 858 1259; baseline -0.001 -17"><span class='ocrx_word' id='word_1_84' title='bbox 64 1205 118 1258; x_wconf 86' lang='lat' dir='ltr'><strong>que</strong></span> <span class='ocrx_word' id='word_1_85' title='bbox 129 1191 297 1258; x_wconf 79' lang='lat' dir='ltr'><strong>composuit,</strong></span> <span class='ocrx_word' id='word_1_86' title='bbox 318 1205 402 1242; x_wconf 74' lang='lat' dir='ltr'><strong>susus</strong></span> <span class='ocrx_word' id='word_1_87' title='bbox 418 1197 461 1243; x_wconf 85' lang='lat' dir='ltr'><strong>cst</strong></span> <span class='ocrx_word' id='word_1_88' title='bbox 478 1191 611 1256; x_wconf 89' lang='lat' dir='ltr'><strong>scribere,</strong></span> <span class='ocrx_word' id='word_1_89' title='bbox 632 1190 756 1244; x_wconf 74' lang='lat' dir='ltr'><strong>Seium</strong></span> <span class='ocrx_word' id='word_1_90' title='bbox 769 1206 797 1244; x_wconf 82' lang='lat' dir='ltr'><strong>se</strong></span> <span class='ocrx_word' id='word_1_91' title='bbox 807 1207 858 1259; x_wconf 79' lang='lat' dir='ltr'><strong>pu·</strong></span> 
     </span>
     <span class='ocr_line' id='line_1_15' title="bbox 62 1264 858 1337; baseline 0.003 -21"><span class='ocrx_word' id='word_1_92' title='bbox 62 1264 144 1328; x_wconf 54' lang='lat' dir='ltr'><strong>susc,</strong></span> <span class='ocrx_word' id='word_1_93' title='bbox 166 1265 237 1332; x_wconf 82' lang='lat' dir='ltr'><strong>quod</strong></span> <span class='ocrx_word' id='word_1_94' title='bbox 248 1264 415 1332; x_wconf 77' lang='lat' dir='ltr'><strong>comperisset</strong></span> <span class='ocrx_word' id='word_1_95' title='bbox 420 1265 517 1337; x_wconf 81' lang='lat' dir='ltr'><strong>furere</strong></span> <span class='ocrx_word' id='word_1_96' title='bbox 531 1266 653 1318; x_wconf 75' lang='lat' dir='ltr'><strong>adversm</strong></span> <span class='ocrx_word' id='word_1_97' title='bbox 666 1264 818 1318; x_wconf 78' lang='lat' dir='ltr'><strong>Germanici</strong></span> <span class='ocrx_word' id='word_1_98' title='bbox 826 1265 858 1318; x_wconf 78' lang='lat' dir='ltr'><strong>b·-</strong></span> 
     </span>
     <span class='ocr_line' id='line_1_16' title="bbox 64 1339 857 1409; baseline 0.004 -19"><span class='ocrx_word' id='word_1_99' title='bbox 64 1339 153 1403; x_wconf 85' lang='lat' dir='ltr'><strong>beros,</strong></span> <span class='ocrx_word' id='word_1_100' title='bbox 160 1339 283 1409; x_wconf 64' lang='lat' dir='ltr'><strong>fidissi:</strong></span> <span class='ocrx_word' id='word_1_101' title='bbox 302 1355 419 1408; x_wconf 87' lang='lat' dir='ltr'><strong>quorum</strong></span> <span class='ocrx_word' id='word_1_102' title='bbox 432 1340 493 1407; x_wconf 85' lang='lat' dir='ltr'><strong>ipse</strong></span> <span class='ocrx_word' id='word_1_103' title='bbox 503 1341 631 1404; x_wconf 81' lang='lat' dir='ltr'><strong>alterum,</strong></span> <span class='ocrx_word' id='word_1_104' title='bbox 652 1347 779 1409; x_wconf 71' lang='lat' dir='ltr'><strong>simpecto</strong></span> <span class='ocrx_word' id='word_1_105' title='bbox 789 1341 857 1406; x_wconf 69' lang='lat' dir='ltr'><strong>hm,</strong></span> 
     </span>
     <span class='ocr_line' id='line_1_17' title="bbox 63 1413 857 1483; baseline 0.003 -19"><span class='ocrx_word' id='word_1_106' title='bbox 63 1413 181 1465; x_wconf 83' lang='lat' dir='ltr'><strong>alterum</strong></span> <span class='ocrx_word' id='word_1_107' title='bbox 192 1429 325 1482; x_wconf 83' lang='lat' dir='ltr'><strong>oppresso</strong></span> <span class='ocrx_word' id='word_1_108' title='bbox 337 1414 444 1466; x_wconf 89' lang='lat' dir='ltr'><strong>demum</strong></span> <span class='ocrx_word' id='word_1_109' title='bbox 455 1414 566 1479; x_wconf 83' lang='lat' dir='ltr'><strong>Seiano,</strong></span> <span class='ocrx_word' id='word_1_110' title='bbox 575 1415 721 1466; x_wconf 80' lang='lat' dir='ltr'><strong>interemit.</strong></span> <span class='ocrx_word' id='word_1_111' title='bbox 756 1415 857 1483; x_wconf 81' lang='lat' dir='ltr'><strong>Singil-</strong></span> 
     </span>
     <span class='ocr_line' id='line_1_18' title="bbox 63 1488 857 1557; baseline 0.005 -19"><span class='ocrx_word' id='word_1_112' title='bbox 63 1488 142 1540; x_wconf 74' lang='lat' dir='ltr'><strong>latim</strong></span> <span class='ocrx_word' id='word_1_113' title='bbox 158 1489 305 1541; x_wconf 81' lang='lat' dir='ltr'><strong>crudeliter</strong></span> <span class='ocrx_word' id='word_1_114' title='bbox 318 1488 394 1540; x_wconf 80' lang='lat' dir='ltr'><strong>factu</strong></span> <span class='ocrx_word' id='word_1_115' title='bbox 408 1490 468 1541; x_wconf 90' lang='lat' dir='ltr'><strong>eius</strong></span> <span class='ocrx_word' id='word_1_116' title='bbox 482 1489 595 1557; x_wconf 76' lang='lat' dir='ltr'><strong>exsequi</strong></span> <span class='ocrx_word' id='word_1_117' title='bbox 610 1488 722 1556; x_wconf 73' lang='lat' dir='ltr'><strong>longum</strong></span> <span class='ocrx_word' id='word_1_118' title='bbox 736 1496 791 1542; x_wconf 80' lang='lat' dir='ltr'><strong>est:</strong></span> <span class='ocrx_word' id='word_1_119' title='bbox 811 1505 857 1557; x_wconf 82' lang='lat' dir='ltr'><strong>ge·</strong></span> 
     </span>
     <span class='ocr_line' id='line_1_19' title="bbox 63 1563 856 1632; baseline 0.003 -19"><span class='ocrx_word' id='word_1_120' title='bbox 63 1577 139 1628; x_wconf 81' lang='lat' dir='ltr'><strong>nero,</strong></span> <span class='ocrx_word' id='word_1_121' title='bbox 148 1563 225 1615; x_wconf 81' lang='lat' dir='ltr'><strong>velut</strong></span> <span class='ocrx_word' id='word_1_122' title='bbox 234 1563 415 1632; x_wconf 76' lang='lat' dir='ltr'><strong>exemplaris,</strong></span> <span class='ocrx_word' id='word_1_123' title='bbox 430 1564 563 1616; x_wconf 79' lang='lat' dir='ltr'><strong>saevitiae</strong></span> <span class='ocrx_word' id='word_1_124' title='bbox 573 1577 731 1614; x_wconf 81' lang='lat' dir='ltr'><strong>enumerare</strong></span> <span class='ocrx_word' id='word_1_125' title='bbox 741 1570 785 1614; x_wconf 82' lang='lat' dir='ltr'><strong>sut</strong></span> <span class='ocrx_word' id='word_1_126' title='bbox 794 1565 856 1616; x_wconf 88' lang='lat' dir='ltr'><strong>orit.</strong></span> 
     </span>
     <span class='ocr_line' id='line_1_20' title="bbox 63 1636 856 1705; baseline 0 -17"><span class='ocrx_word' id='word_1_127' title='bbox 63 1636 163 1689; x_wconf 81' lang='lat' dir='ltr'><strong>Nudus</strong></span> <span class='ocrx_word' id='word_1_128' title='bbox 174 1652 192 1688; x_wconf 83' lang='lat' dir='ltr'>a</span> <span class='ocrx_word' id='word_1_129' title='bbox 200 1653 292 1705; x_wconf 82' lang='lat' dir='ltr'><strong>poena</strong></span> <span class='ocrx_word' id='word_1_130' title='bbox 301 1636 442 1690; x_wconf 88' lang='lat' dir='ltr'><strong>homiuum</strong></span> <span class='ocrx_word' id='word_1_131' title='bbox 452 1639 571 1690; x_wconf 80' lang='lat' dir='ltr'><strong>cessavit</strong></span> <span class='ocrx_word' id='word_1_132' title='bbox 581 1637 653 1702; x_wconf 87' lang='lat' dir='ltr'><strong>dics,</strong></span> <span class='ocrx_word' id='word_1_133' title='bbox 663 1652 697 1687; x_wconf 91' lang='lat' dir='ltr'><strong>ne</strong></span> <span class='ocrx_word' id='word_1_134' title='bbox 707 1637 856 1704; x_wconf 80' lang='lat' dir='ltr'><strong>religiosus</strong></span> 
     </span>
     <span class='ocr_line' id='line_1_21' title="bbox 64 1711 856 1781; baseline 0.001 -18"><span class='ocrx_word' id='word_1_135' title='bbox 64 1711 174 1781; x_wconf 86' lang='lat' dir='ltr'><strong>quidem</strong></span> <span class='ocrx_word' id='word_1_136' title='bbox 185 1727 219 1763; x_wconf 85' lang='lat' dir='ltr'><strong>ac</strong></span> <span class='ocrx_word' id='word_1_137' title='bbox 228 1726 314 1764; x_wconf 88' lang='lat' dir='ltr'><strong>succr.</strong></span> <span class='ocrx_word' id='word_1_138' title='bbox 328 1712 553 1764; x_wconf 74' lang='lat' dir='ltr'><strong>Animadversum</strong></span> <span class='ocrx_word' id='word_1_139' title='bbox 562 1713 592 1763; x_wconf 94' lang='lat' dir='ltr'><strong>in</strong></span> <span class='ocrx_word' id='word_1_140' title='bbox 602 1711 736 1779; x_wconf 82' lang='lat' dir='ltr'><strong>quosdam</strong></span> <span class='ocrx_word' id='word_1_141' title='bbox 745 1711 856 1764; x_wconf 87' lang='lat' dir='ltr'><strong>ineunte</strong></span> 
     </span>
     <span class='ocr_line' id='line_1_22' title="bbox 63 1785 856 1854; baseline -0.003 -15"><span class='ocrx_word' id='word_1_142' title='bbox 63 1801 137 1839; x_wconf 81' lang='lat' dir='ltr'><strong>suno</strong></span> <span class='ocrx_word' id='word_1_143' title='bbox 150 1801 239 1839; x_wconf 85' lang='lat' dir='ltr'><strong>novo:</strong></span> <span class='ocrx_word' id='word_1_144' title='bbox 263 1787 388 1840; x_wconf 84' lang='lat' dir='ltr'><strong>uccusuti</strong></span> <span class='ocrx_word' id='word_1_145' title='bbox 401 1787 577 1854; x_wconf 75' lang='lat' dir='ltr'><strong>damnatique</strong></span> <span class='ocrx_word' id='word_1_146' title='bbox 590 1786 671 1838; x_wconf 88' lang='lat' dir='ltr'><strong>multi</strong></span> <span class='ocrx_word' id='word_1_147' title='bbox 685 1801 746 1838; x_wconf 86' lang='lat' dir='ltr'><strong>cum</strong></span> <span class='ocrx_word' id='word_1_148' title='bbox 761 1785 856 1837; x_wconf 85' lang='lat' dir='ltr'><strong>liberis</strong></span> 
     </span>
     <span class='ocr_line' id='line_1_23' title="bbox 63 1861 856 1930; baseline -0.003 -16"><span class='ocrx_word' id='word_1_149' title='bbox 63 1867 145 1930; x_wconf 76' lang='lat' dir='ltr'><strong>utque</strong></span> <span class='ocrx_word' id='word_1_150' title='bbox 156 1863 239 1914; x_wconf 78' lang='lat' dir='ltr'><strong>etium</strong></span> <span class='ocrx_word' id='word_1_151' title='bbox 252 1863 388 1914; x_wconf 85' lang='lat' dir='ltr'><strong>uxoribus</strong></span> <span class='ocrx_word' id='word_1_152' title='bbox 401 1862 468 1912; x_wconf 86' lang='lat' dir='ltr'><strong>suis.</strong></span> <span class='ocrx_word' id='word_1_153' title='bbox 505 1861 698 1926; x_wconf 80' lang='lat' dir='ltr'><strong>Interdictum,</strong></span> <span class='ocrx_word' id='word_1_154' title='bbox 716 1877 751 1913; x_wconf 86' lang='lat' dir='ltr'><strong>nc</strong></span> <span class='ocrx_word' id='word_1_155' title='bbox 766 1861 856 1928; x_wconf 86' lang='lat' dir='ltr'><strong>cupite</strong></span> 
     </span>
     <span class='ocr_line' id='line_1_24' title="bbox 63 1935 856 2006; baseline 0 -20"><span class='ocrx_word' id='word_1_156' title='bbox 63 1935 208 1989; x_wconf 77' lang='lat' dir='ltr'><strong>damnatos</strong></span> <span class='ocrx_word' id='word_1_157' title='bbox 218 1937 367 2006; x_wconf 91' lang='lat' dir='ltr'><strong>propinqui</strong></span> <span class='ocrx_word' id='word_1_158' title='bbox 376 1936 511 2004; x_wconf 82' lang='lat' dir='ltr'><strong>lugerent:</strong></span> <span class='ocrx_word' id='word_1_159' title='bbox 527 1936 637 1988; x_wconf 81' lang='lat' dir='ltr'><strong>decretu</strong></span> <span class='ocrx_word' id='word_1_160' title='bbox 647 1936 856 1989; x_wconf 82' lang='lat' dir='ltr'><strong>accusatoribus</strong></span> 
     </span>
     <span class='ocr_line' id='line_1_25' title="bbox 62 2010 854 2079; baseline 0.001 -18"><span class='ocrx_word' id='word_1_161' title='bbox 62 2011 212 2079; x_wconf 73' lang='lat' dir='ltr'><strong>praecipue</strong></span> <span class='ocrx_word' id='word_1_162' title='bbox 225 2011 361 2079; x_wconf 81' lang='lat' dir='ltr'><strong>praemis,</strong></span> <span class='ocrx_word' id='word_1_163' title='bbox 380 2025 573 2078; x_wconf 75' lang='lat' dir='ltr'><strong>nonnunquam</strong></span> <span class='ocrx_word' id='word_1_164' title='bbox 592 2017 621 2062; x_wconf 89' lang='lat' dir='ltr'><strong>et</strong></span> <span class='ocrx_word' id='word_1_165' title='bbox 637 2012 764 2064; x_wconf 87' lang='lat' dir='ltr'><strong>testibus.</strong></span> <span class='ocrx_word' id='word_1_166' title='bbox 801 2010 854 2062; x_wconf 86' lang='lat' dir='ltr'><strong>Nc-</strong></span> 
     </span>
     <span class='ocr_line' id='line_1_26' title="bbox 62 2085 853 2154; baseline -0.001 -17"><span class='ocrx_word' id='word_1_167' title='bbox 62 2085 129 2137; x_wconf 79' lang='lat' dir='ltr'><strong>nim</strong></span> <span class='ocrx_word' id='word_1_168' title='bbox 143 2085 298 2138; x_wconf 78' lang='lat' dir='ltr'><strong>delatorum</strong></span> <span class='ocrx_word' id='word_1_169' title='bbox 313 2086 380 2138; x_wconf 87' lang='lat' dir='ltr'><strong>tides</strong></span> <span class='ocrx_word' id='word_1_170' title='bbox 396 2086 540 2152; x_wconf 80' lang='lat' dir='ltr'><strong>abrogato.</strong></span> <span class='ocrx_word' id='word_1_171' title='bbox 579 2085 665 2137; x_wconf 81' lang='lat' dir='ltr'><strong>Omne</strong></span> <span class='ocrx_word' id='word_1_172' title='bbox 680 2087 782 2138; x_wconf 75' lang='lat' dir='ltr'><strong>odmen</strong></span> <span class='ocrx_word' id='word_1_173' title='bbox 802 2101 853 2154; x_wconf 89' lang='lat' dir='ltr'><strong>pro</strong></span> 
     </span>
     <span class='ocr_line' id='line_1_27' title="bbox 63 2156 854 2228; baseline 0 -17"><span class='ocrx_word' id='word_1_174' title='bbox 63 2156 344 2228; x_wconf 73' lang='lat' dir='ltr'><strong>ospitali&#39;recepttmr,</strong></span> <span class='ocrx_word' id='word_1_175' title='bbox 363 2161 447 2213; x_wconf 84' lang='lat' dir='ltr'><strong>etium</strong></span> <span class='ocrx_word' id='word_1_176' title='bbox 464 2174 616 2227; x_wconf 76' lang='lat' dir='ltr'><strong>paucorum</strong></span> <span class='ocrx_word' id='word_1_177' title='bbox 634 2161 854 2228; x_wconf 71' lang='lat' dir='ltr'><strong>simpliciumque</strong></span> 
     </span>
     <span class='ocr_line' id='line_1_28' title="bbox 61 2233 855 2303; baseline -0.004 -16"><span class='ocrx_word' id='word_1_178' title='bbox 61 2235 215 2288; x_wconf 79' lang='lat' dir='ltr'><strong>verborum.</strong></span> <span class='ocrx_word' id='word_1_179' title='bbox 254 2235 569 2301; x_wconf 78' lang='lat' dir='ltr'><strong>Obiectumestpodtue,</strong></span> <span class='ocrx_word' id='word_1_180' title='bbox 585 2233 855 2303; x_wconf 81' lang='lat' dir='ltr'><strong>quodintrngoedis</strong></span> 
     </span>
     <span class='ocr_line' id='line_1_29' title="bbox 61 2305 853 2378; baseline -0.008 -15"><span class='ocrx_word' id='word_1_181' title='bbox 61 2307 289 2376; x_wconf 71' lang='lat' dir='ltr'><strong>Agumemnouem</strong></span> <span class='ocrx_word' id='word_1_182' title='bbox 303 2310 412 2378; x_wconf 88' lang='lat' dir='ltr'><strong>probris</strong></span> <span class='ocrx_word' id='word_1_183' title='bbox 426 2308 596 2361; x_wconf 76' lang='lat' dir='ltr'><strong>lacessisset:</strong></span> <span class='ocrx_word' id='word_1_184' title='bbox 615 2310 751 2361; x_wconf 87' lang='lat' dir='ltr'><strong>obiectum</strong></span> <span class='ocrx_word' id='word_1_185' title='bbox 766 2314 794 2359; x_wconf 92' lang='lat' dir='ltr'><strong>ct</strong></span> <span class='ocrx_word' id='word_1_186' title='bbox 812 2305 853 2358; x_wconf 91' lang='lat' dir='ltr'><strong>hi-</strong></span> 
     </span>
     <span class='ocr_line' id='line_1_30' title="bbox 61 2381 853 2454; baseline -0.004 -18"><span class='ocrx_word' id='word_1_187' title='bbox 61 2385 178 2450; x_wconf 80' lang='lat' dir='ltr'><strong>storico,</strong></span> <span class='ocrx_word' id='word_1_188' title='bbox 193 2383 269 2454; x_wconf 90' lang='lat' dir='ltr'><strong>quod</strong></span> <span class='ocrx_word' id='word_1_189' title='bbox 278 2384 394 2436; x_wconf 86' lang='lat' dir='ltr'><strong>Brutum</strong></span> <span class='ocrx_word' id='word_1_190' title='bbox 405 2384 583 2453; x_wconf 82' lang='lat' dir='ltr'><strong>Cassiumque</strong></span> <span class='ocrx_word' id='word_1_191' title='bbox 592 2384 704 2436; x_wconf 84' lang='lat' dir='ltr'><strong>ultimos</strong></span> <span class='ocrx_word' id='word_1_192' title='bbox 714 2381 853 2434; x_wconf 78' lang='lat' dir='ltr'><strong>Romano-</strong></span> 
     </span>
     <span class='ocr_line' id='line_1_31' title="bbox 60 2458 852 2519; baseline -0.005 -8"><span class='ocrx_word' id='word_1_193' title='bbox 60 2470 117 2511; x_wconf 83' lang='lat' dir='ltr'><strong>rum</strong></span> <span class='ocrx_word' id='word_1_194' title='bbox 132 2459 262 2511; x_wconf 80' lang='lat' dir='ltr'><strong>dixisset:</strong></span> <span class='ocrx_word' id='word_1_195' title='bbox 282 2458 500 2511; x_wconf 74' lang='lat' dir='ltr'><strong>animadversum</strong></span> <span class='ocrx_word' id='word_1_196' title='bbox 514 2464 556 2510; x_wconf 88' lang='lat' dir='ltr'><strong>cst</strong></span> <span class='ocrx_word' id='word_1_197' title='bbox 569 2459 662 2510; x_wconf 77' lang='lat' dir='ltr'><strong>statim</strong></span> <span class='ocrx_word' id='word_1_198' title='bbox 676 2458 706 2508; x_wconf 92' lang='lat' dir='ltr'><strong>in</strong></span> <span class='ocrx_word' id='word_1_199' title='bbox 716 2461 852 2519; x_wconf 83' lang='lat' dir='ltr'><strong>suctores,</strong></span> 
     </span>
     <span class='ocr_line' id='line_1_32' title="bbox 60 2530 853 2604; baseline -0.004 -19"><span class='ocrx_word' id='word_1_200' title='bbox 60 2533 217 2602; x_wconf 76' lang='lat' dir='ltr'><strong>scriptoque</strong></span> <span class='ocrx_word' id='word_1_201' title='bbox 228 2534 343 2598; x_wconf 79' lang='lat' dir='ltr'><strong>abolito,</strong></span> <span class='ocrx_word' id='word_1_202' title='bbox 349 2534 473 2604; x_wconf 81' lang='lat' dir='ltr'><strong>quumvis</strong></span> <span class='ocrx_word' id='word_1_203' title='bbox 483 2533 666 2600; x_wconf 78' lang='lat' dir='ltr'><strong>probarentur</strong></span> <span class='ocrx_word' id='word_1_204' title='bbox 677 2536 740 2583; x_wconf 87' lang='lat' dir='ltr'><strong>unte</strong></span> <span class='ocrx_word' id='word_1_205' title='bbox 745 2530 853 2598; x_wconf 78' lang='lat' dir='ltr'><strong>aliquot</strong></span> 
     </span>
     <span class='ocr_line' id='line_1_33' title="bbox 60 2605 852 2676; baseline -0.005 -16"><span class='ocrx_word' id='word_1_206' title='bbox 60 2620 160 2674; x_wconf 78' lang='lat' dir='ltr'><strong>mnus,</strong></span> <span class='ocrx_word' id='word_1_207' title='bbox 176 2609 261 2660; x_wconf 86' lang='lat' dir='ltr'><strong>etism</strong></span> <span class='ocrx_word' id='word_1_208' title='bbox 274 2609 398 2676; x_wconf 79' lang='lat' dir='ltr'><strong>Augusto</strong></span> <span class='ocrx_word' id='word_1_209' title='bbox 412 2608 554 2672; x_wconf 82' lang='lat' dir='ltr'><strong>uudieutc,</strong></span> <span class='ocrx_word' id='word_1_210' title='bbox 567 2608 693 2660; x_wconf 76' lang='lat' dir='ltr'><strong>recitato.</strong></span> <span class='ocrx_word' id='word_1_211' title='bbox 733 2605 852 2667; x_wconf 72' lang='lat' dir='ltr'><strong>Qtdbus-</strong></span> 
     </span>
     <span class='ocr_line' id='line_1_34' title="bbox 60 2680 855 2737; baseline -0.005 -1"><span class='ocrx_word' id='word_1_212' title='bbox 60 2680 122 2736; x_wconf 83' lang='lat' dir='ltr'><strong>dum</strong></span> <span class='ocrx_word' id='word_1_213' title='bbox 132 2682 279 2736; x_wconf 77' lang='lat' dir='ltr'><strong>custodite</strong></span> <span class='ocrx_word' id='word_1_214' title='bbox 291 2683 403 2736; x_wconf 66' lang='lat' dir='ltr'><strong>tuditis</strong></span> <span class='ocrx_word' id='word_1_215' title='bbox 416 2696 473 2737; x_wconf 90' lang='lat' dir='ltr'><strong>non</strong></span> <span class='ocrx_word' id='word_1_216' title='bbox 486 2682 570 2736; x_wconf 85' lang='lat' dir='ltr'><strong>modo</strong></span> <span class='ocrx_word' id='word_1_217' title='bbox 585 2680 713 2735; x_wconf 86' lang='lat' dir='ltr'><strong>studendi</strong></span> <span class='ocrx_word' id='word_1_218' title='bbox 723 2680 855 2733; x_wconf 80' lang='lat' dir='ltr'><strong>solatium</strong></span> 
     </span>
    </p>
   </div>
   <div class='ocr_carea' id='block_1_4' title="bbox 601 2773 654 2823">
    <p class='ocr_par' dir='ltr' id='par_1_5' title="bbox 601 2773 654 2823">
     <span class='ocr_line' id='line_1_35' title="bbox 601 2773 654 2823; baseline -0.019 0"><span class='ocrx_word' id='word_1_219' title='bbox 601 2773 654 2823; x_wconf 65' lang='lat' dir='ltr'><strong>Kb</strong></span> 
     </span>
    </p>
   </div>
   <div class='ocr_carea' id='block_1_5' title="bbox 0 0 942 3060">
    <p class='ocr_par' dir='ltr' id='par_1_6' title="bbox 0 0 942 3060">
     <span class='ocr_line' id='line_1_36' title="bbox 0 0 942 3060; baseline 0 1"><span class='ocrx_word' id='word_1_220' title='bbox 0 0 942 3060; x_wconf 95' lang='lat' dir='ltr'><strong> </strong></span> 
     </span>
    </p>
   </div>
  </div>
 </body>
</html>
