1822 3068
103 187 367 237 deruvianus.
403 190 483 239 ΜΡ.
502 192 619 240 41-43.
730 192 765 247 75

61 319 142 365 utam
150 309 275 375 Μανῆ,
291 325 368 379 posse
373 327 425 379 per
433 312 601 365 ambitionem
611 316 765 385 quandoque

61 385 80 439 s'.
118 386 210 453 Atque
219 385 262 436 ita
271 383 389 452 posthac
401 401 458 438 rem
473 389 649 456 temperavit,
668 395 765 444 utnon

61 476 109 535 em,
119 466 265 511 aratorum
285 474 319 511 ac
335 460 551 529 negotiantium,
571 476 654 530 quam
667 464 765 532 populi

61 550 101 587 em
111 533 235 587 duceret.
718 588 722 593 .

61 608 122 661 lu.
142 606 371 675 Spectaculorum
382 613 410 659 et
419 608 584 661 assiduitate
594 615 622 662 et
630 610 765 665 varietate

61 681 272 751 magnificentia
287 697 381 734 omnes
401 683 555 735 antecessit.
593 683 704 737 Fecisse
723 684 764 735 lu·

61 757 132 822 ‚ait,
142 771 196 808 suo
205 755 318 808 nomine
329 762 439 824 quater3
459 772 509 825 pro
521 758 585 809 aliis
595 758 764 826 magistrati·

61 833 140 885 d'aut
150 831 280 883 abessent
289 836 337 881 aut
346 845 402 882 nou
411 832 622 897 sufficereutter
631 839 659 885 et
667 832 762 886 vicies.

61 922 95 959 ne
108 918 311 973 nonnunquam
329 904 455 968 vicatim,
476 921 510 959 ac
528 907 654 974 pluribus
673 907 763 960 scenis

61 981 157 1033 unium
178 978 335 1046 lingrrorum
350 975 508 1033 histdoues.
547 977 690 1051 [Munera]
706 997 763 1035 nou

61 1080 64 1101 .
75 1053 164 1107 nodo
175 1053 266 1105 necin
277 1049 491 1120 anrphitheatro,
505 1055 593 1107 sedin
604 1056 685 1107 Circo
696 1061 724 1107 et
731 1057 762 1109 in

68 1127 170 1193 edidit,
177 1132 205 1181 et
215 1126 365 1195 aliquando
376 1125 446 1179 nihil
455 1135 564 1195 praeter
573 1129 761 1193 venationem

62 1220 81 1257 s
91 1202 244 1255 emunctis
253 1201 283 1253 iu
294 1200 639 1269 campoMartiosedilibus
649 1203 761 1271 lignem

62 1277 139 1331 araia
150 1274 289 1345 proelium
299 1274 374 1327 circa
383 1276 506 1329 'l'iberim
522 1284 621 1329 cavato
636 1277 711 1342 solo,
731 1278 762 1330 in

62 1368 104 1405 mc
114 1352 267 1403 Caesarum
279 1365 375 1401 nemus
389 1355 440 1402 est
480 1350 586 1413 Quidum
602 1351 699 1405 diebus
715 1367 760 1404 cu·

69 1427 102 1479 in
116 1424 194 1477 Urbe
214 1422 359 1490 disposuit,
380 1439 414 1475 ne
428 1424 544 1476 raritate
562 1426 761 1477 remanentium

62 1500 174 1553 toribus
184 1498 306 1549 obnoxia
317 1502 397 1549 esset.
435 1497 467 1547 ln
478 1497 558 1549 Circo
575 1500 687 1566 aurigas
701 1514 760 1551 cur·

62 1591 96 1627 ae
107 1580 136 1625 et
147 1570 319 1625 confectores
330 1570 451 1623 serarum
457 1607 465 1634 ,
485 1577 513 1621 et
522 1586 716 1639 nonnunquam
727 1586 761 1623 ex

62 1649 141 1701 ninia
150 1646 305 1709 iuventute,
315 1644 456 1713 produxit
495 1643 550 1697 Sed
564 1650 593 1697 et
602 1645 705 1695 Troiae
720 1645 761 1695 lu-

63 1722 139 1775 didit
158 1720 391 1791 frequentissime,
416 1718 553 1770 maiorum
572 1718 762 1784 minorumque

62 1813 115 1849 nm
126 1795 243 1858 delectu,
249 1793 334 1860 prisci
344 1793 491 1862 decorique
501 1792 587 1845 moris
592 1791 762 1856 existimans,

66 1870 166 1941 stirpis
175 1868 296 1921 indolem
306 1868 347 1921 sic
356 1873 508 1920 notescere.
545 1867 576 1920 ln
590 1866 761 1921 hocludicro

62 1946 141 1999 nium
161 1944 350 2011 Asprenatem,
370 1941 451 2009 lapsu
470 1942 654 2007 debilitatum,
676 1956 761 1994 aureo

79 2018 210 2080 donarit3
233 2031 385 2085 passusque
400 2023 454 2080 est,
474 2017 564 2085 ipsum
579 2023 761 2087 posterosque

63 2094 107 2148 ati
123 2094 197 2144 terre
217 2106 378 2158 cognomen.
419 2089 488 2143 Mox
507 2092 588 2144 linem
606 2090 673 2144 iecit
691 2090 761 2143 talia

68 2207 78 2235 ‚
97 2166 196 2219 Asinio
211 2164 339 2218 Pollione
354 2169 465 2218 oratore
479 2167 599 2233 graviter
612 2166 761 2219 invidiose·

69 2242 149 2296 curia
159 2243 256 2309 questo
266 2238 409 2292 Aesernini
416 2241 527 2307 nepotis
536 2241 580 2292 sui
590 2256 697 2303 casum,
712 2239 762 2305 qui

74 2332 139 2371 aas
149 2312 304 2383 effregerat
341 2312 384 2365 dd
397 2313 521 2367 scenicas
535 2330 644 2384 quoque
660 2319 688 2364 et
702 2310 760 2378 gla-

63 2393 104 2445 ias
124 2404 237 2459 operas,
258 2394 286 2440 et
305 2386 443 2456 equitibus
456 2387 589 2440 Romanis
609 2384 760 2454 aliquando

63 2472 100 2530 st;
120 2479 214 2518 rerum
229 2463 305 2532 prius
321 2477 403 2530 quam
417 2468 529 2515 senatos
540 2460 666 2515 consulto
676 2458 760 2509 inter·

63 2546 114 2593 tur.
153 2537 256 2592 Postea
268 2535 338 2589 nihil
357 2551 435 2599 sane,
456 2542 647 2603 praeterquam
667 2530 760 2585 adole·

63 2615 120 2669 ium
130 2612 249 2665 Lucium
258 2609 372 2666 honeste
380 2616 487 2674 natum,
501 2607 639 2671 exhibuit,
653 2612 760 2659 tannim

63 2689 181 2753 sederet
202 2686 278 2759 qnod
295 2690 355 2739 erat
367 2683 492 2753 bipedali
504 2683 607 2747 minor,
627 2680 761 2733 librarum
