1874 3060
121 206 310 256 uiolentus
343 208 423 255 GAP.
441 210 557 254 lt-ao.
683 206 736 259 ffl

62 334 131 380 tunc
140 337 250 396 praeter
258 331 483 383 comneurdinenr
493 346 555 382 cun
563 329 690 397 plenitus
698 330 735 383 de

60 402 131 454 belli
143 407 364 456 communicavit
403 406 504 456 curan
521 418 633 472 quoque
648 404 734 458 solito

48 492 108 528 ren
126 480 273 544 praestitit.
311 480 490 530 Traioeturus
503 477 640 541 Rhenum,
659 492 734 530 oon·

48 566 61 600 u
75 567 184 602 omnem
199 553 235 603 ud
250 560 353 604 certans
366 553 514 604 formulare
523 554 667 603 ”uictum
676 567 734 604 nen

48 627 180 690 rnsmisit,
195 643 277 695 quarn
288 629 442 679 consistens
456 627 530 694 apud
538 627 629 694 ήριιιι
638 625 733 694 explo-

48 697 225 752 rehiculoruru
236 717 329 765 onera,
340 718 375 753 ne
385 717 440 771 qua
449 701 668 768 deportureutru,
678 701 735 752 nisi

48 787 73 823 ια
86 780 136 825 aut
149 777 314 826 necessaria.
352 777 443 826 Trans
451 774 576 827 Rhenum
589 790 655 828 vero
670 790 733 827 euru

48 847 148 898 udinem
157 851 254 914 tenuit,
258 857 292 900 ut
300 850 398 901 sedens
405 851 436 900 in
444 851 547 917 cespite
554 850 630 903 nudo
640 850 732 902 cibun

48 939 62 983 :,
82 937 166 988 saepe
175 925 364 976 sinetentorio
379 930 564 990 pemomret,
583 930 732 992 praecepte

48 995 79 1045 is
89 995 147 1046 diei
157 999 259 1060 omniu,
269 1005 299 1049 et
306 999 331 1048 si
341 997 409 1065 quid
418 999 504 1049 subiti
511 1000 632 1050 muneris
640 999 731 1050 iniun-

48 1076 151 1132 tessct,
170 1088 220 1138 per
232 1072 344 1123 libellos
353 1071 445 1123 duret:
464 1071 559 1123 addita
568 1072 730 1136 monitione,

48 1158 89 1210 uo
101 1145 217 1212 quisque
227 1146 377 1210 dubitaret,
393 1161 435 1210 se,
445 1161 497 1197 nec
505 1147 563 1198 ulio
573 1147 730 1214 interprete,

48 1232 102 1285 que
110 1219 154 1269 vel
164 1221 254 1271 noctis
263 1218 334 1272 hore
341 1225 473 1272 uteretur.

48 1291 68 1341 l.
88 1291 271 1359 Disciplinam
286 1295 419 1346 acerrime
437 1295 540 1362 exegit,
561 1293 731 1347 animadver-

57 1370 86 1416 et
94 1366 308 1433 ignominiarum
316 1370 461 1435 generibus
472 1383 505 1420 ex
515 1370 681 1436 antiquitate
688 1384 731 1422 re·

52 1444 136 1507 atque
146 1443 229 1492 etium
240 1443 331 1510 legato
341 1443 473 1510 legionis,
483 1442 559 1510 quod
567 1456 672 1509 paucos
682 1444 732 1494 nl·

48 1528 78 1563 nr
91 1514 193 1567 liberto
207 1532 259 1568 suo
272 1524 350 1568 uano
362 1518 453 1584 upum
465 1522 593 1567 reustum
602 1517 731 1580 misisset,

48 1588 92 1637 ula
101 1595 208 1641 notato.
246 1590 371 1655 Proelia,
385 1590 511 1659 quumvis
525 1589 666 1640 rnlninruru
675 1588 732 1641 for·

48 1662 144 1713 usibus
153 1664 330 1729 permitteret,
341 1665 484 1733 aliquanto
495 1663 666 1714 coustantius
679 1662 732 1712 iul·

48 1735 126 1788 toties
137 1737 298 1791 lucubrante
306 1755 336 1791 se
346 1740 438 1790 subito
450 1753 483 1789 uc
491 1736 568 1789 uullo
579 1734 732 1803 propellen-

48 1809 115 1862 leret
128 1810 220 1863 lumen
235 1819 263 1863 et
276 1814 508 1879 exstingueretur,
529 1810 681 1873 conlidens,
700 1815 734 1860 ut
766 1796 772 1849 l

48 1886 226 1948 ostento,sibi
235 1901 267 1938 ec
276 1888 429 1938 maioribus
439 1887 496 1937 suis
505 1885 535 1937 in
545 1885 621 1937 omui
631 1883 734 1936 ducatu

48 1958 141 2010 ssimo.
181 1959 247 2023 Sed,
265 1957 734 2028 reprosperegestu,nounrultun1

48 2032 97 2082 uin
108 2047 126 2082 a
135 2032 269 2086 Bructero
280 2035 400 2103 quodum
411 2034 596 2086 occideretur:
606 2034 653 2085 cui
661 2034 734 2085 luter
804 2050 807 2057 ·

48 2121 82 2158 os
92 2109 223 2172 versanti,
235 2114 263 2160 et
271 2109 457 2175 trepidatione
467 2107 584 2172 detecto,
589 2107 733 2161 tormentis

48 2194 70 2231 e
80 2180 219 2234 confessio
231 2189 273 2234 est
283 2182 400 2249 cogitsli
407 2181 551 2233 facinoris.

49 2290 56 2305 .
76 2254 399 2307 AGermauiainUrbem
408 2262 474 2323 post
482 2256 622 2307 biennium
631 2267 735 2320 regres-

48 2327 196 2396 umphum,
212 2346 292 2397 quem
303 2330 460 2393 distrderat,
476 2330 545 2396 egit,
568 2334 735 2397 prosequen-

48 2403 113 2454 tium
128 2404 239 2470 legetis,
261 2405 361 2474 quibus
378 2401 558 2471 triumphalis
573 2396 734 2453 ornamento

48 2482 109 2530 ost.
147 2478 187 2530 Ac
200 2479 277 2546 prius
291 2493 375 2546 quem
383 2479 413 2530 ln
424 2476 592 2545 Capitolinus
602 2474 731 2549 flecteret,

48 2551 108 2604 lite
123 2568 217 2617 curru,
238 2569 322 2620 seque
332 2552 500 2620 praesidenti
508 2550 582 2618 petrl
593 2547 629 2599 ad
643 2560 733 2614 genua

48 2625 74 2676 lt.
111 2625 445 2693 Batonem,l’annouium
455 2621 733 2690 duoem‚lngeutious

48 2715 71 2751 u
92 2703 237 2768 praemiis,
257 2702 415 2756 Bormum
437 2698 591 2763 transtulit3
614 2695 734 2767 muers
