1874 3060
171 174 177 193 ’
248 211 293 258 nn
312 212 426 260 connis
443 212 657 262 saronicus.
800 211 850 264 35⁷

58 335 338 400 senatusconsultum,
358 337 424 388 item
443 336 597 388 censorium
617 331 747 400 edictum,
763 337 848 388 subii-

58 411 139 461 ciam.
180 408 209 459 C.
220 407 325 461 Fannio
336 409 472 473 Strabone,
484 408 523 460 M.
540 408 644 462 Valerio
654 408 777 462 Messalla
786 427 847 464 con-

58 483 168 545 sulibus,
193 481 232 533 M.
258 482 416 551 Pomponius
434 493 545 552 praetor
569 493 687 537 senatum
708 484 845 537 consuluit.

58 557 137 621 Quod
144 557 308 627 aalafacta
322 568 384 610 sunt
397 559 428 610 de
436 557 598 627 philosophis
611 567 639 611 st
646 555 802 623 rhetoribus,
814 560 845 611 de

58 649 87 683 ea
106 648 135 682 re
154 630 195 682 ita
214 642 387 684 censuerunt:
405 642 437 684 ut
449 631 488 684 M.
501 632 658 700 Pomponius
668 633 845 701 praetorani·

58 706 241 768 madverteret,
257 715 424 774 curaretqae,
439 707 482 759 uti
490 707 515 759 ei
523 725 538 760 e
546 707 677 775 republica
680 706 788 778 fideque
797 723 846 759 sua

58 780 199 842 viduetur,
215 790 247 832 ut
258 780 359 832 Romae
372 798 405 832 ne
415 790 505 833 essent.
544 782 586 834 De
595 781 694 834 iisdem
702 783 845 835 interiecto

58 862 179 922 tempore
200 855 248 905 Gn.
267 854 406 906 Domitius
424 856 603 908 Aenobarbus
623 863 650 909 et
668 856 702 908 L.
721 855 846 908 Licinius

59 930 174 981 Crassus
186 945 311 981 censores
321 931 362 981 ita
372 930 515 982 edixerunt
524 948 531 981 s
550 928 748 984 Renunciatum
753 939 793 983 est
801 948 846 983 no·

58 1003 108 1066 lis,
120 1019 174 1055 esse
184 1003 307 1066 domines,
320 1003 366 1070 qni
374 1019 466 1056 narum
474 1020 558 1074 genus
568 1004 718 1072 disciplinae
727 1000 847 1058 institue-

57 1087 128 1141 runt,
141 1079 177 1129 ad
186 1094 249 1145 qaas
257 1078 375 1130 inventus
383 1078 411 1130 in
421 1080 509 1130 iudum
519 1078 672 1131 conveniat:
691 1094 733 1130 eos
743 1079 794 1131 stat
802 1096 847 1130 no·

58 1169 116 1204 meu
136 1152 286 1220 imposuisse
304 1151 416 1205 Latinos
434 1153 574 1205 rhetoras:
592 1153 631 1205 ili
649 1151 764 1205 homines
784 1153 848 1204 adu·

58 1229 291 1279 trecentensimus
306 1227 359 1278 dies
373 1227 495 1280 desidere.
534 1225 651 1282 Maiores
670 1226 766 1291 nostri,
782 1243 848 1296 qaae

60 1301 155 1354 liberos
168 1317 227 1353 suos
241 1302 351 1364 discere,
367 1310 394 1354 et
403 1318 466 1370 quas
478 1302 507 1354 in
521 1303 593 1354 ludos
606 1301 675 1355 itare
689 1304 792 1365 uellent,
808 1302 849 1354 in·

60 1376 211 1428 stituerunt.
250 1375 413 1439 Haecnova,
435 1392 501 1444 pene
515 1385 623 1444 praeter
641 1377 850 1430 consuetudinem

61 1467 94 1503 ac
108 1466 207 1501 morem
220 1449 437 1522 maiorumfiunt‚
452 1467 534 1520 neque
543 1452 661 1518 placent,
681 1468 763 1518 neque
777 1460 851 1504 reeta

60 1525 191 1576 uidentur.
233 1524 399 1591 Quapropter
413 1533 440 1577 st
452 1525 498 1588 iis,
514 1523 561 1592 qai
569 1540 610 1576 eos
620 1524 692 1576 iudos
702 1522 810 1588 latent,
826 1533 854 1576 et

61 1595 109 1662 iis,
132 1598 178 1665 qui
196 1615 225 1649 so
244 1599 330 1650 uenire
350 1607 519 1663 consuerunt,
539 1597 642 1651 uidetur
651 1598 809 1670 faciendum
821 1607 854 1649 ut

63 1674 228 1726 ostendamus
238 1682 354 1725 posnam
364 1673 530 1735 sententiam,
541 1672 615 1726 nobis
624 1689 676 1725 non
681 1668 795 1740 phasse.

119 1747 267 1799 Paullatim
288 1754 316 1799 et
336 1749 398 1815 ipsa
421 1748 500 1819 utilis
517 1746 686 1815 honestaque
706 1748 852 1816 apparuit:

62 1823 196 1890 multique
207 1838 265 1874 eam
277 1829 303 1874 et
312 1823 444 1889 praesidii
455 1838 554 1874 caussa
563 1828 591 1873 et
597 1822 705 1889 gloriae
716 1823 852 1888 appetive-

62 1905 135 1949 runt.
177 1897 266 1948 Cicero
281 1898 317 1948 ad
334 1905 489 1964 praeturam
502 1913 590 1966 usque
606 1894 710 1948 Graece
725 1894 853 1948 declami-

63 1972 146 2023 tuvit:
157 1970 324 2023 Latinevero
331 1973 422 2023 senior
427 1986 545 2040 quoque,
551 1977 578 2023 et
588 1970 697 2040 quidem
708 1985 768 2022 cum
775 1968 853 2039 [con-

64 2046 184 2114 sulibus]
200 2045 294 2098 Hirtio
305 2051 333 2096 et
341 2045 433 2096 Pansa
443 2064 449 2095 ε
460 2062 530 2114 quos
541 2045 691 2112 discipulos
701 2051 729 2098 et
737 2045 854 2114 grandes

63 2126 251 2190 praetextatos
261 2121 387 2171 vocabat.
428 2118 854 2189 OmPampeiumquidamhisto-

63 2196 117 2246 rici
126 2195 299 2246 tradiderunt
308 2195 358 2245 sub
368 2194 458 2261 ipsum
469 2194 548 2246 civile
558 2194 667 2258 bellum,
679 2209 733 2261 quo
744 2192 854 2245 facilius

66 2271 96 2320 C.
109 2269 235 2333 Curioni,
250 2268 454 2336 promptissimo
469 2268 574 2332 iuveni,
589 2283 713 2320 caussam
728 2268 855 2319 Caesaris

65 2342 234 2406 defendenti,
247 2343 458 2407 contradiceret,
468 2344 599 2411 repetisse
610 2341 781 2393 declamandi
791 2356 855 2393 con-

65 2417 254 2470 suetudinem:
274 2415 312 2468 M.
329 2415 484 2480 Antoniam,
499 2417 565 2469 item
575 2415 736 2485 Augustam,
751 2431 785 2467 ne
794 2415 856 2466 Mu·

64 2493 167 2544 finensi
177 2492 287 2560 quidem
296 2492 369 2544 bello
382 2491 516 2544 omisisse.
540 2489 610 2542 Nero
622 2488 721 2540 Caesar
729 2495 757 2540 et
766 2489 855 2555 primo

64 2567 176 2634 imperii
185 2583 271 2631 anno,
282 2566 390 2633 publice
401 2581 511 2636 quoque
521 2566 564 2617 bis
575 2571 669 2627 antea,
680 2562 855 2614 declamavit:

63 2640 194 2710 Plerique
209 2647 304 2693 autem*
316 2647 458 2693 oratorum
475 2641 559 2692 etiam
573 2637 785 2690 declamationes
800 2637 856 2688 edi·

65 2716 140 2770 dere.
179 2717 271 2781 Quare
284 2729 385 2784 magno
398 2715 491 2769 stndio
505 2712 663 2766 hominibus
675 2712 791 2778 iniecto,
800 2726 857 2763 nra·
