1874 3060
250 209 451 257 canicunis
488 207 566 254 car.
585 208 700 254 rs-ss.
818 203 869 257 1⁶5

65 348 120 403 pro
133 333 269 385 concione
278 332 405 396 laudato,
416 331 600 397 funeratoque
611 329 792 395 amplissime,
803 345 868 382 con.

64 408 163 460 festim
173 406 369 458 Pandateriam
383 413 411 457 et
420 404 537 456 Pontias
548 404 584 454 ad
593 402 799 454 transferendos
809 419 867 455 ma-

64 483 118 532 tn's
129 480 282 550 framque
292 481 397 531 cineres
407 479 561 542 festinavit,
571 481 734 544 tempestate
743 477 865 541 nubitis,

66 571 123 623 quo
135 556 225 622 magis
238 556 328 622 pietas
343 555 485 605 emineret:
507 553 631 620 adiitque
645 550 864 614 venerabundus,

67 643 101 680 ac
112 644 164 696 per
178 635 263 680 semet
277 629 306 678 in
319 642 403 678 urnas
418 626 552 678 condidit.
590 625 648 678 Nec
661 625 768 676 minore
781 639 865 676 scena

66 702 188 767 Ostiam,
208 704 332 770 praefixo
346 703 376 753 in
389 701 502 752 biremis
516 715 607 767 puppe
620 699 737 760 vexillo,
758 698 864 750 atinde

65 775 183 828 Romam
189 778 285 828 Tiberi
295 777 504 842 subvectos,per
514 773 765 841 splendidissimum
771 786 862 840 quem·

66 865 120 917 que
129 851 265 916 equestris
276 849 492 913 ordinis,·medio
504 864 537 899 ac
546 848 684 913 frequenti
694 848 747 911 die,
754 847 863 898 duobus

64 923 178 975 ferculis
187 925 333 976 Mausoleo
343 924 446 975 intulit.
485 922 655 989 Inferiasque
665 920 708 973 bis
719 935 811 972 annua
819 935 862 972 re·

65 997 170 1065 ligione
180 999 290 1066 publice
299 999 431 1049 instituit:
452 1004 480 1048 et
489 1012 522 1048 eo
534 995 653 1062 amplius
662 997 746 1048 matri
751 995 861 1047 Circen·

66 1087 121 1137 ses,
133 1079 360 1141 carpentumque,
372 1087 426 1139 quo
436 1072 467 1121 in
476 1085 579 1138 pompa
588 1070 787 1121 traduceretur.
825 1068 862 1119 At

64 1147 93 1197 in
106 1148 268 1198 memoriam
282 1148 370 1215 patris
384 1146 570 1213 Septembrem
584 1158 704 1196 mensem
720 1141 859 1194 Gemm-

65 1236 123 1272 cum
133 1222 292 1289 appellavit.
326 1220 394 1272 Post
403 1218 472 1271 haec
481 1220 616 1270 Antoniae
628 1219 716 1282 aviae,
728 1215 861 1284 quicquid

63 1309 185 1364 unquam
195 1295 277 1346 Livia
287 1296 411 1362 Augusta
420 1293 555 1346 honorum
570 1294 699 1360 cepisset,
715 1307 770 1343 uno
781 1305 859 1343 sena·

63 1374 107 1419 tus
118 1369 246 1422 consulto
258 1370 403 1436 congessit.
431 1367 563 1419 Patruum
575 1366 728 1430 Claudium,
740 1366 860 1435 equitem

64 1441 216 1494 llomanum
231 1444 266 1495 ad
281 1444 310 1494 id
323 1451 443 1510 tempus,
464 1442 600 1508 collegam
609 1442 664 1492 sibi
674 1441 704 1490 in
715 1439 862 1492 consulatu

65 1518 220 1584 assumpsit.
258 1518 384 1568 Fratrem
398 1517 541 1568 Tiberium
556 1515 601 1565 die
615 1514 704 1564 virilis
719 1518 802 1580 togae
812 1512 860 1563 ad·

64 1593 183 1657 optavit,
205 1592 408 1660 appellavitque
414 1590 561 1658 principem
572 1586 722 1638 iuventutis.
762 1586 805 1637 De
815 1601 859 1637 so-

61 1666 173 1716 roribus
184 1673 282 1717 auctor
291 1665 352 1729 fuit,
359 1671 390 1715 ut
401 1666 528 1716 omnibus
538 1661 716 1712 sacramentis
728 1659 860 1711 adiicere·

65 1744 119 1790 tur:
141 1738 233 1805 Neque
242 1757 283 1791 me
297 1739 440 1805 &imosque
454 1735 649 1789 necessariores
660 1733 767 1796 habebo,
780 1747 860 1799 quam

68 1810 158 1864 Caium
168 1812 251 1865 liabeo
262 1823 287 1865 et
297 1829 398 1865 sorores
408 1812 478 1863 eius.-
492 1814 559 1863 item
569 1809 750 1862 relationibus
762 1821 859 1859 consu-

65 1884 131 1937 lum:
154 1887 234 1951 Quod
242 1887 461 1957 bonumfelirque
471 1887 508 1938 sit
517 1885 546 1937 C.
555 1884 666 1936 Caesari
674 1882 858 1948 sororibusque

67 1959 126 2011 cias.
165 1961 234 2012 Pari
248 1962 434 2029 popularitate
449 1961 595 2012 damnatos
612 1958 804 2026 relegatosque
817 1971 859 2009 re·

67 2035 165 2086 stituit:
186 2037 397 2104 criminumque,
418 2035 509 2102 siqua
524 2035 635 2086 residua
645 2048 679 2085 ex
689 2033 782 2100 priore
791 2037 859 2083 tem·

67 2121 130 2174 pore
139 2110 301 2174 manebant,
314 2110 434 2160 omnium
444 2110 564 2175 gratiam
572 2106 648 2159 fecit.
687 2107 859 2159 Commenta-

68 2182 120 2233 rios
137 2183 173 2234 ad
187 2185 284 2234 matris
298 2183 468 2251 fratrumque
482 2197 594 2233 suorum
611 2195 709 2233 causas
724 2180 859 2247 pertinea-

68 2260 118 2321 tes,
132 2271 167 2308 ne
183 2259 229 2309 cui
238 2257 414 2325 postmodum
424 2257 544 2308 delatori
554 2261 603 2307 aaut
611 2256 676 2308 testi
686 2259 809 2305 maneret
817 2251 859 2302 ul·

69 2326 108 2380 lus
116 2337 214 2395 metus,
227 2338 373 2384 convectos
383 2332 412 2381 in
422 2330 526 2394 fonrm,
543 2335 571 2382 et
580 2335 643 2381 ante
654 2329 727 2380 clare
739 2326 859 2377 obtesta-

9 2398 11 2415 '
69 2407 109 2454 tus
125 2404 204 2469 deos,
225 2422 313 2475 neque
328 2406 428 2472 legisse
447 2420 536 2473 neque
557 2405 682 2471 attigisse
702 2399 859 2468 quicquam,

69 2480 257 2531 concremavit.
295 2479 434 2530 Libellum
450 2479 484 2530 de
498 2479 587 2530 salute
602 2493 653 2528 sua
668 2473 792 2526 oblatum
802 2485 858 2521 nou

69 2554 174 2619 recepit,
187 2554 353 2605 contendens
359 2591 367 2617 ,
377 2553 446 2604 nilis
454 2553 505 2604 risi
513 2551 666 2611 adinissum,
678 2563 726 2599 cur
736 2543 858 2611 cuiquam

69 2622 161 2677 urim
172 2637 252 2679 esset:
261 2628 434 2695 negavitque,
440 2643 470 2678 se
480 2625 651 2679 delatoribus
662 2617 857 2673 auresbabere.

117 2700 192 2753 XVI.
212 2701 350 2771 spintrias
360 2707 578 2754 monstrosarum
593 2696 752 2760 libidinum,
768 2706 858 2762 aegre,
