1874 3060
250 194 437 244 TIBERIUS.
472 194 552 242 MP·
569 199 686 245 at-ao.
813 194 864 249 105

76 320 181 385 ceptor,
202 318 529 386 etprospexineprinus
540 320 688 387 sagaciter,
708 325 738 371 et
748 319 864 373 aesinu-

72 390 145 444 lasse
155 391 382 460 aptissimevisus
391 398 445 458 eet,
465 394 620 446 subindein
633 393 806 461 obiurgando
816 409 865 461 ap-

70 465 180 531 pellans
193 480 256 518 eum
269 462 403 531 'eride‘
370 484 466 527 αραιι
483 465 706 534 συμπιφυρμῦιιν
743 466 800 519 Sed
812 467 864 519 ali·

72 546 177 608 quanto
191 542 280 608 magis
292 541 323 593 ln
335 542 460 609 prlnaipe
473 543 571 607 eluxit,
591 543 675 595 etiarn
687 541 760 595 inter
771 541 863 605 initia,

69 630 157 683 quum
167 612 257 666 adhue
265 614 388 668 favorem
397 615 538 669 hominum
545 616 743 670 moderationis
748 615 863 667 assimu-

68 686 179 740 lstlone
187 694 320 756 captaret
344 690 482 756 scurram,
493 692 550 761 qui,
559 696 748 759 praetereunte
757 689 861 753 iuuere,

68 762 146 815 clare
156 770 267 815 mortuo
275 764 432 831 mandarat,
449 772 483 817 nt
490 767 634 819 nunciaret
640 766 777 833 Angusto,
797 778 862 817 aos-

67 836 133 888 dsss
142 837 329 908 reddilegalm
344 854 413 907 puae
416 839 489 908 plels'
496 839 653 907 reliquisset,
669 844 816 892 attractum
825 838 862 890 ad

66 926 112 975 se,
126 912 252 978 recipere
266 912 387 966 debitum
397 915 514 982 ducique
524 914 561 965 sd
569 914 735 982 supplicium
743 914 861 981 inpera-

65 986 121 1050 uit,
142 992 172 1037 et
184 987 258 1052 patri
272 1002 323 1040 sno
335 1002 430 1041 verum
442 988 554 1040 referre.
591 988 649 1041 Nee
662 989 749 1041 multo
758 994 823 1056 post
830 988 861 1040 in

65 1066 168 1111 senatu
180 1059 312 1128 Pompeio
332 1063 452 1127 cuidem,
472 1064 560 1131 equiti
572 1063 711 1127 Romano,
731 1062 861 1129 quiddam

64 1136 240 1202 perneganti
252 1134 316 1187 dum
325 1137 436 1190 vineola
444 1138 578 1203 minatur,
589 1135 815 1207 affirmavitsess,
830 1144 861 1187 ιιι

65 1224 101 1259 ex
114 1207 242 1276 Pompeio
256 1208 366 1262 Pom'
318 1211 541 1284 pmans3fleret
568 1212 668 1264 aoerbe
684 1210 860 1264 conflatione

64 1282 152 1407 {imul
161 1281 281 1335 hominis
290 1300 389 1338 nomen
398 1287 538 1339 maessens
541 1293 731 1356 veteremque
740 1285 860 1352 partium

80 1363 219 1409 ortuum

123 1472 224 1526 LVlll.
244 1475 301 1528 Sub
315 1476 389 1530 idem
406 1482 527 1546 tempus,
547 1474 705 1529 consulente
723 1482 859 1542 praetore,

68 1559 105 1597 aa
118 1547 225 1599 iudicia
238 1552 392 1603 maiestatis
405 1552 470 1620 cogi
482 1550 601 1615 luberet,
622 1548 787 1602 exercendas
800 1564 860 1601 esse

67 1617 143 1686 leges
160 1624 318 1688 respondit,
338 1632 367 1677 et
383 1626 555 1678 atrocissime
575 1623 704 1676 exercuit.
747 1620 860 1674 Statuae

69 1695 183 1760 quidam
192 1697 309 1764 Augusti
323 1705 405 1786 eaput
418 1698 584 1765 dempserat,
603 1703 635 1749 ut
648 1695 782 1748 alterius
773 1708 860 1762 rmpo-

68 1776 153 1821 neret.
192 1771 262 1823 Aeta
270 1788 315 1824 res
324 1773 355 1825 iu
364 1779 469 1836 senatu,
481 1778 509 1826 et
519 1772 585 1839 quia
594 1769 796 1838 ambigebatur,
811 1783 861 1835 per

68 1847 207 1897 tormenta
217 1847 343 1912 quaesita
353 1853 404 1899 est.
435 1845 574 1899 Damnata
585 1861 632 1898 reo
634 1843 796 1913 paullatim
806 1840 861 1897 hoo

70 1929 154 1982 genus
164 1918 320 1972 calumniae
329 1937 362 1973 eo
373 1921 520 1988 prooessit,
539 1927 571 1973 ut
580 1917 648 1973 haee
662 1934 771 1988 quoque
785 1918 858 1986 oapi-

69 1990 251 2045 eluerent·
271 1994 346 2047 eirea
354 1996 471 2063 augum
483 1994 659 2046 sunulaorum
673 2010 780 2047 servum
790 1995 859 2046 oeor

70 2062 155 2130 disse,
175 2068 339 2120 vestimenta
352 2075 484 2132 mutasse,
503 2084 614 2121 nummo
628 2069 673 2121 vel
687 2069 788 2121 annulo
803 2068 858 2121 affl·

69 2139 142 2205 giem
150 2142 314 2209 impressam
326 2142 444 2195 latrinae
459 2148 507 2194 aut
520 2143 648 2209 lupanari
660 2142 799 2207 intulisse,
820 2142 860 2193 di-

72 2219 143 2267 tium
156 2217 245 2269 ullum
259 2217 433 2269 laetumve
409 2232 467 2269 erus
481 2217 684 2270 existimatione
699 2216 791 2283 allqua
804 2215 860 2267 lae-

72 2287 148 2343 tisse.
187 2290 276 2343 Periit
285 2291 401 2360 denique
412 2298 439 2344 et
447 2291 485 2354 is,
506 2290 554 2359 qui
567 2290 698 2346 honorem
710 2290 740 2341 ln
750 2288 861 2341 colonia

73 2375 124 2415 tua
131 2380 165 2417 eo
176 2365 222 2418 die
233 2365 344 2418 decerni
353 2366 407 2418 sibi
416 2380 514 2433 passus
525 2371 579 2432 est,
593 2381 648 2435 quo
660 2362 762 2416 decreti
772 2367 799 2415 et
807 2361 860 2412 Au·

71 2439 325 2501 muooumerant

122 2543 197 2598 ux.
217 2547 308 2599 Multa
316 2553 471 2614 praeterea,
491 2548 583 2615 speeie
597 2545 741 2615 gravitatis
755 2557 788 2595 ao
800 2558 859 2595 mo·

71 2629 128 2670 rum
138 2622 377 2689 corrigendorum,
397 2622 446 2674 sed
459 2628 489 2674 et
499 2623 588 2690 magis
597 2626 711 2674 naturae
722 2618 858 2684 obtempe-

74 2702 142 2761 rans,
152 2694 194 2747 lta
204 2710 289 2753 saeve.
296 2702 324 2749 et
332 2697 466 2750 atrociter
474 2696 621 2761 iaofltaslt,
625 2701 658 2747 ut
665 2692 791 2748 nonnulli
799 2707 857 2746 ver·

105 2787 244 2834 sorren.
632 2788 658 2836 K
