1822 3068
194 208 388 257 TIBERIUS.
424 208 502 255 csl‘.
522 208 637 257 tl-ii.
764 206 815 267 133,

66 337 134 398 ns,et
143 322 324 385 adntllltates
333 331 458 399 publicas
468 330 636 398 proniorem.
674 330 813 399 deprimo

66 408 350 470 leunsinterveniebat,
360 422 395 458 ne
405 405 471 474 qnid
482 419 626 473 perperam
635 405 721 457 lieret.
760 406 814 457 lta·

66 496 78 534 c
95 488 122 534 et
139 482 350 534 constitutiones
364 480 498 548 quosdam
513 484 625 531 senatus
638 479 765 544 rescidit,
786 488 814 533 et

66 557 226 624 metibus
239 564 291 624 pro
305 554 438 607 tribunali
452 554 682 622 cognoscentibus
695 553 812 620 plerum·

66 646 114 684 esc
124 630 259 683 offerebat
272 629 474 693 consiliarium,
495 628 690 697 assidebatque
704 627 811 693 iuxtim,

66 706 112 757 lex
125 705 241 756 adverso
255 705 285 755 in
298 709 377 771 parte
390 703 518 772 prlmorl3
539 709 567 755 et
576 703 691 771 siquem
702 716 813 754 reorum

66 779 193 848 lligratia
202 793 298 831 rumor
308 783 391 841 esset,
407 777 514 828 subitus
529 777 637 841 aderat,
651 777 812 845 iudicesque

66 858 95 904 te
103 853 199 921 plano,
212 858 261 903 aut
270 868 286 904 e
296 852 462 919 quaesitoris
472 850 618 916 tribunali,
630 852 720 918 legum
731 857 760 903 et
768 867 810 903 re-

66 926 131 979 ionis
141 934 282 990 etnoxac,
297 927 330 977 de
340 941 396 993 qua
407 931 614 992 cognoscerent,
630 926 810 978 admonebat:

66 1016 101 1068 pre
114 1003 198 1054 mam
211 1002 237 1052 si
251 1015 306 1067 qua
320 1001 350 1051 in
362 1000 482 1067 publicis
496 1000 620 1051 moribus
635 999 742 1052 desidia
763 1007 812 1052 aut

66 1075 93 1125 la
101 1075 298 1128 consuetudine
307 1074 441 1138 labarent,
452 1073 616 1141 corrigenda
625 1076 754 1141 suscepit.

75 1148 199 1202 XXXIV.
219 1148 363 1200 Ludorum
377 1164 411 1199 ao
423 1162 564 1200 munerum
576 1148 715 1216 impensas
725 1149 812 1200 corri-

66 1224 87 1287 ll,
96 1224 267 1277 mercedibus
278 1223 449 1274 scenicorum
458 1223 563 1286 recisis,
574 1222 743 1290 paribusque
752 1221 811 1290 gla-

66 1303 155 1350 tornm
166 1297 202 1350 ad
213 1303 316 1349 ocrtum
329 1312 471 1348 numerum
484 1297 613 1349 reductis.
653 1295 810 1349 corinthio·

66 1388 216 1424 uvasorum
225 1372 316 1439 pretia
325 1371 355 1422 in
364 1372 524 1423 immensum
538 1372 687 1436 exarsisse,
701 1377 811 1438 tresque

66 1445 202 1499 noum
212 1446 333 1497 millibus
342 1443 480 1496 nummiim
489 1445 605 1509 venisse,
616 1447 737 1512 graviter
747 1460 812 1496 con·

66 1526 140 1587 estus,
163 1519 349 1573 adhibendum
372 1519 539 1587 supellectili
560 1519 673 1570 modum
696 1519 812 1582 censuit,

66 1604 208 1663 lunamque
222 1593 343 1659 macelli,
364 1598 476 1645 senatus
495 1592 643 1657 arbitratu,
664 1593 812 1658 quotannis

66 1669 234 1737 sperandam
255 1668 320 1721 dato
332 1668 469 1720 aedilibus
483 1666 610 1733 negotio,
631 1664 749 1733 popinas
763 1680 811 1733 ga·

66 1759 232 1812 loquensque
243 1758 276 1794 eo
286 1741 441 1806 inhibendi,
462 1746 494 1792 ut
507 1755 542 1792 ne
556 1755 641 1806 opera
651 1737 759 1806 quidem
770 1739 811 1807 pi·

66 1816 492 1886 rlaproponivenaliaslnerent.
526 1814 563 1866 Et
571 1819 603 1865 ut
612 1812 811 1882 parcimoniam

66 1891 154 1945 »licam
164 1890 290 1959 exemplo
302 1906 411 1958 qnoque
420 1890 541 1954 iuvaret,
556 1888 735 1941 sollemnibus
750 1888 811 1956 ipse

66 1967 525 2107 :sm
537 1963 810 2091 limitum

359 2075 366 2102 ,
799 2068 810 2079 .

66 2130 87 2180 e,
98 2131 170 2184 quae
181 2120 280 2165 totmn.
315 2112 485 2174 Quotidiano
496 2112 592 2164 oscula
601 2111 744 2181 prohibuit
753 2113 810 2165 edi-

68 2207 74 2240 :
91 2191 160 2242 item
171 2194 326 2240 strenarum
337 2186 537 2252 commercium,
547 2203 582 2239 ne
591 2186 810 2238 ultraKalendas

66 2265 159 2316 uarias
169 2267 351 2314 exerceretur.
390 2261 542 2313 consuerat
552 2261 733 2328 quadruplam
743 2264 811 2310 stre-

66 2354 89 2404 a,
103 2345 134 2390 et
144 2338 179 2389 de
189 2352 271 2388 manu
281 2335 407 2387 reddere:
427 2335 476 2386 sed
487 2335 621 2399 offensus,
639 2330 812 2398 interpellari

66 2420 113 2466 oto
124 2426 221 2464 mense
232 2410 267 2461 ab
277 2410 322 2474 iis,
330 2410 378 2476 qui
386 2416 551 2476 potestatem
562 2409 607 2461 sui
616 2408 661 2459 die
671 2405 742 2458 festo
752 2418 810 2456 non

66 2488 185 2549 nissent,
196 2484 271 2535 ultra
279 2499 336 2536 non
345 2484 475 2536 reddidit.

66 2559 186 2614 XXXV.
206 2559 349 2610 Matronae
359 2564 515 2626 prostratae
529 2554 694 2625 pudicitiae,
709 2551 810 2618 quibus

66 2642 164 2688 [mator
172 2632 301 2701 publicus
312 2634 425 2696 deesset,
435 2638 468 2683 ut
476 2628 627 2701 propinqui
636 2641 713 2679 more
722 2626 809 2678 maio-

66 2729 71 2763 ι
86 2711 123 2764 ds
139 2708 280 2763 communi
293 2707 435 2760 seutentia-
444 2707 615 2767 coercerent,
635 2706 733 2756 auctor
745 2699 808 2754 tuit.
