1822 3068
114 98 164 165 aso
394 115 421 161 c.
445 112 631 162 susrouu

114 239 178 290 loco
188 238 287 301 movit3
306 234 454 306 prohibitis
463 252 513 306 per
522 236 638 288 militem
649 234 739 289 obviis
750 251 782 289 ae
790 234 883 289 datad

113 314 166 365 bus
175 314 310 380 respicere
319 327 436 381 usquam
445 312 488 364 rel
499 311 657 363 consistere.

169 387 256 440 LXV.
276 387 404 440 Seianum
423 402 467 438 res
486 401 572 438 novas
590 386 762 451 molientem,
781 384 882 453 quaurb

111 464 168 514 iam
179 469 207 515 et
215 462 334 514 natalem
345 462 404 513 eius
413 461 522 529 publice
533 459 668 512 celebrari
677 467 705 512 et
713 461 841 528 imagines
848 474 881 511 su·
909 427 911 512 i

111 552 174 589 reas
185 537 241 591 coli
250 537 353 605 passim
363 535 529 600 videretvix
537 535 656 600 taudem,
663 541 691 586 et
701 541 765 587 astu
772 535 881 603 mam

112 613 191 677 dolo,
212 626 294 681 quam
308 610 455 678 principali
468 610 632 661 auctoritate
652 609 793 661 subvertit.
827 607 879 663 Nu

110 687 213 753 primo,
228 691 261 737 ut
270 701 287 735 a
297 700 326 736 se
336 700 385 752 per
394 685 512 752 speciem
522 683 636 736 honoris
646 683 807 749 dimitteret,
817 682 879 737 colb

110 775 173 827 gam
184 761 240 811 sibi
250 761 398 826 assumpsit
407 760 436 810 in
446 759 542 827 quinto
554 757 712 824 consulatu,
728 774 806 826 quem
815 758 878 825 long·
901 766 904 781 ²

110 834 256 892 intervallo
272 834 370 886 absens
386 834 421 885 cb
434 833 465 885 id
479 834 569 903 ipsum
589 839 757 901 susceperat.
794 824 882 885 Des&
902 874 906 887 .

110 925 159 976 spe
169 907 316 960 affinitatis
327 925 360 960 ac
368 909 533 960 tribuniciae
542 909 689 976 potestatis
700 906 878 977 deceptuosi·
901 913 911 945 ὅ

110 984 267 1051 opinantem
293 983 453 1034 criminatus
476 988 518 1035 est
540 982 668 1050 pudenda
691 982 877 1051 miserandae!

110 1059 250 1121 oratione3
271 1074 353 1127 quum
366 1059 439 1109 inter
452 1057 509 1108 alia
521 1063 614 1126 patres
626 1059 798 1126 conscriptos
806 1066 877 1126 prefl-

107 1139 196 1197 retur,
211 1134 349 1185 mitterent
363 1132 478 1184 alterum
493 1148 508 1184 e
522 1132 693 1197 consulibus,
709 1134 759 1202 qui
771 1140 877 1185 senen

108 1213 137 1259 et
156 1206 245 1258 solum
258 1208 288 1258 in
302 1212 477 1276 conspeetmn
491 1222 586 1259 comm
601 1223 662 1259 cum
678 1207 772 1277 aliquo
786 1200 877 1259 mittut

107 1280 248 1349 praesidio
258 1280 427 1350 perduceret.
466 1281 782 1350 Sioquoquediiiidens,
800 1274 877 1333 umd-

107 1363 220 1423 tumqne
238 1362 373 1421 metuens,
394 1356 515 1408 Drusum
528 1362 669 1424 nepotem,
690 1372 771 1424 quem
784 1350 877 1409 mab

109 1430 199 1482 adhuc
208 1430 312 1484 Romae
323 1432 493 1496 continebat,
509 1431 592 1496 solvi,
608 1431 633 1482 si
642 1447 686 1483 res
696 1436 831 1498 posceret,
842 1426 876 1479 du·

108 1521 221 1575 cemque
241 1507 373 1560 constitui
389 1512 579 1574 praeceperat3
607 1506 710 1572 aptatis
728 1505 809 1558 etiam
820 1498 876 1557 ned·

97 1580 168 1647 bus,
175 1581 211 1632 ad
221 1596 396 1706 quascunpne
407 1580 528 1649 legiones
538 1581 725 1633 meditabatur
733 1580 876 1649 fugamept·

108 1656 278 1708 culabuudus
288 1671 322 1708 ex
332 1671 349 1706 a
360 1656 468 1707 tissime
477 1671 545 1722 rupe
554 1654 702 1707 identidem
718 1657 808 1723 sigua,
817 1664 876 1721 quw,

107 1745 142 1781 ne
151 1731 246 1781 rruncii
255 1736 436 1794 morarentur,
441 1730 506 1781 tolli
515 1729 620 1798 procul,
625 1735 657 1781 ut
667 1730 788 1799 quidque
796 1728 877 1781 ieet!

107 1804 189 1868 foret,
199 1806 386 1857 maudaverat.
414 1803 517 1858 Verum
528 1810 555 1857 et
565 1820 698 1872 oppressa
709 1802 876 1857 coniuratis!

108 1878 204 1930 Seiani
220 1877 308 1932 nihilo
328 1880 452 1932 securior
471 1886 519 1931 crit
537 1879 721 1944 constantior,
741 1894 791 1947 per
801 1888 878 1931 nom

106 1952 249 2020 proximos
260 1970 365 2006 menses
376 1970 431 2006 non
442 1969 567 2022 egressus
578 1959 620 2006 est
632 1954 713 2019 villa,
735 1970 806 2023 qnae
815 1960 878 2005 vett·

106 2034 152 2078 tur
161 2028 244 2079 lovis.

163 2101 261 2155 LXVI.
281 2104 404 2156 Urebant
424 2104 537 2172 insuper
556 2104 667 2155 anxiam
685 2109 804 2156 mentem
818 2097 880 2153 sarit

106 2179 228 2247 undique
238 2179 372 2243 convicia,
382 2178 458 2231 nullo
470 2194 525 2230 non
541 2178 734 2230 damnatorum
748 2186 880 2245 omnapm·

106 2253 151 2304 bri
160 2269 245 2321 genus
257 2253 408 2317 caramuel
417 2270 467 2322 per
476 2252 586 2305 libellos
595 2254 625 2304 in
636 2250 880 2321 orchestrapodbe

105 2328 254 2396 ingerente.
285 2329 391 2391 Quibus
402 2328 511 2397 quidem
521 2328 705 2380 ffiversissime
716 2326 880 2379 andebam:

106 2403 212 2469 modo,¹
224 2409 256 2455 ut
268 2418 334 2470 prae
343 2403 454 2471 ‚pudore
466 2403 564 2470 ignota
574 2408 602 2454 et
612 2402 701 2455 celata
712 2408 811 2455 cuncta
819 2410 882 2467 cupt-

105 2484 161 2540 ret;
184 2493 380 2546 nonnunquam
396 2479 490 2530 eadem
507 2483 702 2542 contemneret,
724 2484 752 2530 et
764 2475 883 2546 profem!

106 2551 180 2603 ultro
192 2559 274 2619 atque
283 2553 416 2620 vulgaret.
456 2552 529 2613 Quin
540 2558 568 2603 et
576 2552 723 2616 Artabani,
734 2550 883 2605 Paridem!

90 2626 182 2691 regis,
204 2627 349 2685 laceratus
365 2634 407 2684 est
420 2627 525 2695 literis,
542 2626 694 2698 parricidia
707 2632 737 2681 et
755 2625 884 2681 caederet
