1822 3068
117 211 149 263 38
394 210 420 257 0.
443 207 626 257 SUETONH

117 332 373 404 imsahbiturem,
395 330 442 398 qui
449 330 606 399 reipublicae
616 329 770 402 desilisset,
785 332 898 399 ipseme-

116 411 173 462 dior
182 418 209 461 et
217 407 336 461 nutrius
341 405 429 473 partis
437 422 543 458 tuorem
553 404 604 457 siti
612 406 834 477 summofotarot
841 420 897 474 pro·

115 484 265 536 nunciavit.
305 481 410 542 Quibus
426 487 516 532 autem
531 495 564 531 ex
579 481 815 533 commendatione
824 480 897 535 Potr-

114 559 172 627 peii
181 558 291 610 ordines
302 555 427 617 dederat,
446 560 609 622 potestatem
623 556 784 609 transeundi
798 555 832 607 ad
841 570 896 607 eum

116 630 327 684 omnibosieoit.
365 629 451 681 Motis
466 630 539 696 apud
549 629 666 682 Ilerdam
681 630 830 683 deditionis
840 645 896 683 coa·

116 707 282 767 ditionibus,
297 720 391 772 quum,
408 705 520 755 assiduo
530 706 742 770 interutrasque
751 711 897 771 partesusu

116 789 200 849 atque
209 779 388 842 commercio,
402 778 530 830 Afranius
545 794 578 829 ac
587 778 712 830 Petreius
723 777 896 846 deprehensor

115 858 189 908 intra
209 860 301 905 matra
314 853 437 904 Iulianos
456 854 549 904 subita
567 853 737 920 poenitentia
755 852 896 906 interierit·

117 935 185 993 sent,
197 928 346 979 admissam
355 928 385 978 in
395 943 424 979 se
434 927 576 994 perfidiam
586 942 641 978 non
652 928 783 979 statinuit
792 926 895 981 mian

117 1001 354 1055 Acie‘l‘barsalica
362 1003 556 1069 proclamavit,
576 1009 608 1053 ut
621 1002 725 1054 civibus
735 1009 896 1070 parceretnrt

118 1079 301 1145 deincepsque
309 1077 413 1129 nemini
421 1091 477 1127 non
488 1091 612 1141 suorum,
624 1092 703 1143 quem
713 1077 809 1141 vellet,
822 1088 896 1129 uarat

116 1153 206 1220 partis
226 1152 357 1203 adversae
377 1165 487 1202 semare
501 1152 648 1202 concessit:
667 1151 780 1202 neculli
793 1152 897 1219 periise·

116 1227 213 1279 uislin
222 1225 330 1293 proelio
345 1225 531 1292 reperiuntur,
551 1225 672 1291 exceptis
686 1226 821 1277 duntaxat
830 1224 897 1278 dirt-

117 1303 165 1351 nio
181 1300 321 1351 etFausto
337 1298 412 1373 etplr.
425 1299 543 1351 Caesare
556 1300 667 1351 iuvene:
688 1315 721 1351 ac
734 1316 769 1353 ne
783 1299 835 1353 hos
847 1298 897 1368 qd·

119 1376 182 1426 dens
193 1374 336 1426 voluntate
354 1373 442 1440 ipsius
461 1375 639 1440 interemptos
659 1381 769 1440 putanti
794 1387 899 1442 quorum

118 1457 211 1500 tameu
224 1453 253 1500 ct
264 1447 372 1514 priores
385 1453 451 1515 post
459 1449 634 1514 impetratam
643 1450 751 1500 veniam
761 1450 899 1502 rebellare·

118 1530 195 1575 rante
217 1528 246 1574 ct
255 1523 370 1584 Caesar,
390 1523 498 1573 libertis
512 1523 652 1589 servisque
661 1523 720 1573 eius
730 1523 804 1577 ierro
815 1519 901 1591 atlgd

120 1597 296 1650 crudelemin
306 1597 418 1648 moduni
428 1598 543 1661 enectis,
563 1598 667 1648 bestias
682 1613 792 1665 quoque
806 1599 900 1650 admo

118 1688 170 1724 nus
187 1672 287 1740 populi
305 1678 480 1739 comparatas
500 1671 747 1723 contrucidaverat.
785 1672 901 1740 Denique

118 1755 243 1814 tempore
258 1752 379 1797 extrerm
395 1746 491 1808 etiani,
514 1745 612 1811 quibus
625 1747 748 1797 nondum
757 1748 901 1815 ignoverat

119 1820 224 1872 ermetis
233 1819 263 1870 in
272 1818 382 1869 ltaliam
392 1818 482 1870 radim
491 1819 628 1886 permisit,
642 1822 903 1890 magistratusqueet

118 1894 235 1961 imperia
246 1907 351 1960 capere.
371 1891 426 1944 Sed
436 1898 464 1944 et
472 1899 579 1945 stabias
589 1893 622 1945 L.
635 1894 728 1947 Sullae
737 1902 821 1964 atque
830 1896 902 1948 Pon·

118 1969 176 2036 peii
186 1983 203 2019 a
212 1967 292 2034 plebs
303 1966 433 2019 disiectas
442 1968 575 2034 reposuit.
587 1969 634 2032 Ac,
641 1970 726 2036 siqua
736 1969 854 2036 posthac
863 1973 903 2022 aut

119 2043 309 2110 cogitarentur
321 2041 433 2108 gravius
449 2042 579 2094 adversus
592 2060 623 2096 se
637 2050 686 2095 aut
696 2036 860 2111 dicerentur,
868 2046 903 2096 iu·

118 2117 213 2170 hibere
226 2116 337 2181 maluit,
359 2132 441 2184 quam
454 2117 604 2170 vindicare.
641 2118 737 2186 ltaque
751 2126 780 2171 et
789 2121 903 2173 detectas

118 2191 324 2245 coniurationes
340 2197 542 2260 conventusque
555 2198 705 2245 nocturnos
715 2210 772 2246 non
782 2195 857 2246 ultra
867 2208 903 2246 at·

118 2268 191 2335 guit,
212 2281 294 2334 quam
303 2273 335 2316 ut
345 2267 434 2317 edicto
447 2268 614 2331 ostenderet,
635 2284 695 2319 esse
705 2269 863 2332 sibinotas3
882 2272 903 2320 el

120 2343 217 2394 acerbe
227 2341 403 2408 loquentibus
414 2342 482 2393 satis
493 2340 590 2393 babuit
599 2358 649 2408 pro
665 2344 799 2396 concione
810 2345 903 2397 denua·

120 2419 203 2481 ciere,
213 2431 247 2469 ne
257 2423 471 2482 perseverarent.
509 2417 626 2483 Aulique
637 2417 771 2470 Caecinae
782 2420 903 2470 crimino·

119 2492 229 2543 sissimo
243 2490 315 2541 libro
330 2497 359 2542 et
368 2488 491 2542 Pitholai
506 2492 672 2542 carminibus
685 2493 903 2546 maledicentissi·

118 2566 171 2616 mis
190 2565 340 2618 uersum
360 2566 592 2618 existimationem
614 2581 692 2617 suam
717 2568 794 2619 civili
818 2569 903 2620 animo

118 2639 191 2690 ttulit.

170 2712 300 2769 axam.
319 2713 507 2784 Praegraraut
524 2720 617 2768 tamen
632 2722 722 2769 cetera
735 2716 812 2770 iacta
825 2717 903 2771 dicta
