<?xml version="1.0" encoding="UTF-8"?>
<!DOCTYPE html PUBLIC "-//W3C//DTD XHTML 1.0 Transitional//EN"
    "http://www.w3.org/TR/xhtml1/DTD/xhtml1-transitional.dtd">
<html xmlns="http://www.w3.org/1999/xhtml" xml:lang="en" lang="en">
 <head>
  <title>
</title>
<meta http-equiv="Content-Type" content="text/html;charset=utf-8" />
  <meta name='ocr-system' content='tesseract 3.04.00' />
  <meta name='ocr-capabilities' content='ocr_page ocr_carea ocr_par ocr_line ocrx_word'/>
</head>
<body>
  <div class='ocr_page' id='page_1' title='image "./csuetoniitranqu00trangoog_0331.png"; bbox 0 0 1822 3068; ppageno 0'>
   <div class='ocr_carea' id='block_1_1' title="bbox 85 188 604 242">
    <p class='ocr_par' dir='ltr' id='par_1_1' title="bbox 85 188 604 242">
     <span class='ocr_line' id='line_1_1' title="bbox 85 188 604 242; baseline -0.017 0"><span class='ocrx_word' id='word_1_1' title='bbox 85 188 136 242; x_wconf 74' lang='lat'>⁸18</span> <span class='ocrx_word' id='word_1_2' title='bbox 359 191 388 236; x_wconf 81' lang='lat' dir='ltr'>C.</span> <span class='ocrx_word' id='word_1_3' title='bbox 412 188 604 238; x_wconf 73' lang='lat' dir='ltr'>SUETONH</span> 
     </span>
    </p>
   </div>
   <div class='ocr_carea' id='block_1_2' title="bbox 82 311 829 2755">
    <p class='ocr_par' dir='ltr' id='par_1_2' title="bbox 82 311 829 1419">
     <span class='ocr_line' id='line_1_2' title="bbox 85 311 829 379; baseline -0.004 -13"><span class='ocrx_word' id='word_1_4' title='bbox 85 315 176 378; x_wconf 84' lang='lat' dir='ltr'>beret,</span> <span class='ocrx_word' id='word_1_5' title='bbox 196 313 392 379; x_wconf 81' lang='lat' dir='ltr'>orationesque</span> <span class='ocrx_word' id='word_1_6' title='bbox 404 313 435 363; x_wconf 93' lang='lat' dir='ltr'>in</span> <span class='ocrx_word' id='word_1_7' title='bbox 448 317 548 365; x_wconf 84' lang='lat' dir='ltr'>senatu</span> <span class='ocrx_word' id='word_1_8' title='bbox 559 312 689 365; x_wconf 71' lang='lat' dir='ltr'>melioret</span> <span class='ocrx_word' id='word_1_9' title='bbox 701 311 780 364; x_wconf 57' lang='lat' dir='ltr'>mam</span> <span class='ocrx_word' id='word_1_10' title='bbox 788 324 829 378; x_wconf 79' lang='lat' dir='ltr'>que</span> 
     </span>
     <span class='ocr_line' id='line_1_3' title="bbox 85 386 829 454; baseline -0.004 -14"><span class='ocrx_word' id='word_1_11' title='bbox 85 389 170 440; x_wconf 82' lang='lat' dir='ltr'>storia</span> <span class='ocrx_word' id='word_1_12' title='bbox 180 389 252 452; x_wconf 87' lang='lat' dir='ltr'>vice,</span> <span class='ocrx_word' id='word_1_13' title='bbox 273 386 473 453; x_wconf 80' lang='lat' dir='ltr'>praefecturam</span> <span class='ocrx_word' id='word_1_14' title='bbox 488 386 829 454; x_wconf 72' lang='lat' dir='ltr'>quoquepnstoriisosnp:</span> 
     </span>
     <span class='ocr_line' id='line_1_4' title="bbox 84 458 829 530; baseline -0.004 -16"><span class='ocrx_word' id='word_1_15' title='bbox 84 477 224 530; x_wconf 81' lang='lat' dir='ltr'>nunquam</span> <span class='ocrx_word' id='word_1_16' title='bbox 239 461 275 512; x_wconf 87' lang='lat' dir='ltr'>ad</span> <span class='ocrx_word' id='word_1_17' title='bbox 286 461 317 511; x_wconf 90' lang='lat' dir='ltr'>id</span> <span class='ocrx_word' id='word_1_18' title='bbox 325 467 433 526; x_wconf 75' lang='lat' dir='ltr'>tenipus</span> <span class='ocrx_word' id='word_1_19' title='bbox 441 462 499 511; x_wconf 89' lang='lat' dir='ltr'>nisi</span> <span class='ocrx_word' id='word_1_20' title='bbox 508 461 543 512; x_wconf 88' lang='lat' dir='ltr'>ab</span> <span class='ocrx_word' id='word_1_21' title='bbox 553 462 646 529; x_wconf 80' lang='lat' dir='ltr'>equite</span> <span class='ocrx_word' id='word_1_22' title='bbox 654 460 776 512; x_wconf 83' lang='lat' dir='ltr'>Romano</span> <span class='ocrx_word' id='word_1_23' title='bbox 785 458 829 511; x_wconf 85' lang='lat' dir='ltr'>edu</span> 
     </span>
     <span class='ocr_line' id='line_1_5' title="bbox 82 534 829 602; baseline -0.003 -13"><span class='ocrx_word' id='word_1_24' title='bbox 82 539 241 600; x_wconf 83' lang='lat' dir='ltr'>nistretam,</span> <span class='ocrx_word' id='word_1_25' title='bbox 261 536 370 602; x_wconf 73' lang='lat' dir='ltr'>egitque</span> <span class='ocrx_word' id='word_1_26' title='bbox 380 535 525 602; x_wconf 81' lang='lat' dir='ltr'>aliquanto</span> <span class='ocrx_word' id='word_1_27' title='bbox 533 535 672 586; x_wconf 81' lang='lat' dir='ltr'>incivilius</span> <span class='ocrx_word' id='word_1_28' title='bbox 682 540 711 586; x_wconf 80' lang='lat' dir='ltr'>et</span> <span class='ocrx_word' id='word_1_29' title='bbox 718 534 829 587; x_wconf 76' lang='lat' dir='ltr'>violentia</span> 
     </span>
     <span class='ocr_line' id='line_1_6' title="bbox 84 608 829 678; baseline -0.003 -15"><span class='ocrx_word' id='word_1_30' title='bbox 84 611 226 678; x_wconf 81' lang='lat' dir='ltr'>Siquidem</span> <span class='ocrx_word' id='word_1_31' title='bbox 236 609 471 676; x_wconf 83' lang='lat' dir='ltr'>srrspeetissimnru</span> <span class='ocrx_word' id='word_1_32' title='bbox 482 624 616 678; x_wconf 86' lang='lat' dir='ltr'>quemque</span> <span class='ocrx_word' id='word_1_33' title='bbox 625 610 694 673; x_wconf 88' lang='lat' dir='ltr'>sibi,</span> <span class='ocrx_word' id='word_1_34' title='bbox 713 608 829 661; x_wconf 79' lang='lat' dir='ltr'>snnnlsd</span> 
     </span>
     <span class='ocr_line' id='line_1_7' title="bbox 84 683 829 753; baseline -0.001 -17"><span class='ocrx_word' id='word_1_35' title='bbox 84 686 134 753; x_wconf 90' lang='lat' dir='ltr'>qui</span> <span class='ocrx_word' id='word_1_36' title='bbox 147 700 195 751; x_wconf 86' lang='lat' dir='ltr'>per</span> <span class='ocrx_word' id='word_1_37' title='bbox 207 683 316 735; x_wconf 82' lang='lat' dir='ltr'>theatra</span> <span class='ocrx_word' id='word_1_38' title='bbox 329 690 357 734; x_wconf 91' lang='lat' dir='ltr'>et</span> <span class='ocrx_word' id='word_1_39' title='bbox 370 689 463 734; x_wconf 83' lang='lat' dir='ltr'>castra</span> <span class='ocrx_word' id='word_1_40' title='bbox 478 684 559 751; x_wconf 87' lang='lat' dir='ltr'>quasi</span> <span class='ocrx_word' id='word_1_41' title='bbox 569 698 704 735; x_wconf 77' lang='lat' dir='ltr'>censeam</span> <span class='ocrx_word' id='word_1_42' title='bbox 713 684 749 735; x_wconf 83' lang='lat' dir='ltr'>ad</span> <span class='ocrx_word' id='word_1_43' title='bbox 759 696 829 750; x_wconf 79' lang='lat' dir='ltr'>poem</span> 
     </span>
     <span class='ocr_line' id='line_1_8' title="bbox 84 754 829 825; baseline -0.007 -15"><span class='ocrx_word' id='word_1_44' title='bbox 84 760 275 825; x_wconf 77' lang='lat' dir='ltr'>deposcerent,</span> <span class='ocrx_word' id='word_1_45' title='bbox 296 755 370 807; x_wconf 89' lang='lat' dir='ltr'>haud</span> <span class='ocrx_word' id='word_1_46' title='bbox 384 763 544 809; x_wconf 68' lang='lat' dir='ltr'>cunctanter</span> <span class='ocrx_word' id='word_1_47' title='bbox 557 759 705 825; x_wconf 85' lang='lat' dir='ltr'>oppressit.</span> <span class='ocrx_word' id='word_1_48' title='bbox 743 758 773 809; x_wconf 91' lang='lat' dir='ltr'>ln</span> <span class='ocrx_word' id='word_1_49' title='bbox 784 754 829 808; x_wconf 86' lang='lat' dir='ltr'>bis.</span> 
     </span>
     <span class='ocr_line' id='line_1_9' title="bbox 86 830 829 896; baseline 0 -12"><span class='ocrx_word' id='word_1_50' title='bbox 86 833 231 885; x_wconf 85' lang='lat' dir='ltr'>Caecinam</span> <span class='ocrx_word' id='word_1_51' title='bbox 246 831 418 883; x_wconf 76' lang='lat' dir='ltr'>consularem</span> <span class='ocrx_word' id='word_1_52' title='bbox 437 832 539 896; x_wconf 83' lang='lat' dir='ltr'>virum,</span> <span class='ocrx_word' id='word_1_53' title='bbox 558 837 687 884; x_wconf 82' lang='lat' dir='ltr'>vocatum</span> <span class='ocrx_word' id='word_1_54' title='bbox 702 830 740 883; x_wconf 88' lang='lat' dir='ltr'>ad</span> <span class='ocrx_word' id='word_1_55' title='bbox 753 844 829 884; x_wconf 80' lang='lat' dir='ltr'>coenu</span> 
     </span>
     <span class='ocr_line' id='line_1_10' title="bbox 84 905 829 972; baseline 0.001 -15"><span class='ocrx_word' id='word_1_56' title='bbox 84 922 119 957; x_wconf 87' lang='lat' dir='ltr'>ac</span> <span class='ocrx_word' id='word_1_57' title='bbox 131 906 243 957; x_wconf 85' lang='lat' dir='ltr'>vixdum</span> <span class='ocrx_word' id='word_1_58' title='bbox 259 905 383 956; x_wconf 89' lang='lat' dir='ltr'>triclinio</span> <span class='ocrx_word' id='word_1_59' title='bbox 397 920 550 972; x_wconf 73' lang='lat' dir='ltr'>egressum,</span> <span class='ocrx_word' id='word_1_60' title='bbox 569 905 684 958; x_wconf 76' lang='lat' dir='ltr'>confodi</span> <span class='ocrx_word' id='word_1_61' title='bbox 697 907 788 969; x_wconf 79' lang='lat' dir='ltr'>inssit3</span> <span class='ocrx_word' id='word_1_62' title='bbox 802 920 829 957; x_wconf 79' lang='lat' dir='ltr'>su</span> 
     </span>
     <span class='ocr_line' id='line_1_11' title="bbox 83 979 829 1049; baseline 0 -18"><span class='ocrx_word' id='word_1_63' title='bbox 83 986 197 1047; x_wconf 81' lang='lat' dir='ltr'>urgente</span> <span class='ocrx_word' id='word_1_64' title='bbox 211 980 380 1044; x_wconf 80' lang='lat' dir='ltr'>discriarine,</span> <span class='ocrx_word' id='word_1_65' title='bbox 401 995 484 1047; x_wconf 87' lang='lat' dir='ltr'>quum</span> <span class='ocrx_word' id='word_1_66' title='bbox 498 981 581 1032; x_wconf 84' lang='lat' dir='ltr'>etiam</span> <span class='ocrx_word' id='word_1_67' title='bbox 597 979 829 1049; x_wconf 79' lang='lat' dir='ltr'>chirograpbrmel</span> 
     </span>
     <span class='ocr_line' id='line_1_12' title="bbox 85 1054 829 1122; baseline 0.001 -16"><span class='ocrx_word' id='word_1_68' title='bbox 85 1060 266 1122; x_wconf 74' lang='lat' dir='ltr'>praeparatae</span> <span class='ocrx_word' id='word_1_69' title='bbox 280 1055 353 1121; x_wconf 90' lang='lat' dir='ltr'>apud</span> <span class='ocrx_word' id='word_1_70' title='bbox 368 1055 470 1105; x_wconf 73' lang='lat' dir='ltr'>utiliter</span> <span class='ocrx_word' id='word_1_71' title='bbox 484 1055 628 1106; x_wconf 75' lang='lat' dir='ltr'>concionis</span> <span class='ocrx_word' id='word_1_72' title='bbox 645 1054 829 1122; x_wconf 71' lang='lat' dir='ltr'>deprehendite</span> 
     </span>
     <span class='ocr_line' id='line_1_13' title="bbox 86 1128 829 1194; baseline 0.001 -14"><span class='ocrx_word' id='word_1_73' title='bbox 86 1130 192 1190; x_wconf 75' lang='lat' dir='ltr'>Quibus</span> <span class='ocrx_word' id='word_1_74' title='bbox 202 1129 284 1180; x_wconf 80' lang='lat' dir='ltr'>rebna</span> <span class='ocrx_word' id='word_1_75' title='bbox 294 1129 366 1179; x_wconf 72' lang='lat' dir='ltr'>sicam</span> <span class='ocrx_word' id='word_1_76' title='bbox 374 1128 405 1179; x_wconf 86' lang='lat' dir='ltr'>in</span> <span class='ocrx_word' id='word_1_77' title='bbox 414 1136 554 1194; x_wconf 79' lang='lat' dir='ltr'>posterum</span> <span class='ocrx_word' id='word_1_78' title='bbox 564 1129 711 1181; x_wconf 85' lang='lat' dir='ltr'>securitati</span> <span class='ocrx_word' id='word_1_79' title='bbox 719 1131 785 1181; x_wconf 78' lang='lat' dir='ltr'>satio</span> <span class='ocrx_word' id='word_1_80' title='bbox 792 1142 829 1181; x_wconf 72' lang='lat' dir='ltr'>att</span> 
     </span>
     <span class='ocr_line' id='line_1_14' title="bbox 84 1202 829 1270; baseline 0 -17"><span class='ocrx_word' id='word_1_81' title='bbox 84 1204 127 1254; x_wconf 88' lang='lat' dir='ltr'>ita</span> <span class='ocrx_word' id='word_1_82' title='bbox 137 1202 172 1253; x_wconf 92' lang='lat' dir='ltr'>ad</span> <span class='ocrx_word' id='word_1_83' title='bbox 182 1218 311 1270; x_wconf 88' lang='lat' dir='ltr'>praesens</span> <span class='ocrx_word' id='word_1_84' title='bbox 320 1203 468 1268; x_wconf 81' lang='lat' dir='ltr'>plruimrnn</span> <span class='ocrx_word' id='word_1_85' title='bbox 478 1204 617 1255; x_wconf 78' lang='lat' dir='ltr'>contruxit</span> <span class='ocrx_word' id='word_1_86' title='bbox 626 1204 764 1267; x_wconf 74' lang='lat' dir='ltr'>invidiae,</span> <span class='ocrx_word' id='word_1_87' title='bbox 778 1210 829 1255; x_wconf 79' lang='lat' dir='ltr'>nto</span> 
     </span>
     <span class='ocr_line' id='line_1_15' title="bbox 85 1276 829 1347; baseline 0.004 -20"><span class='ocrx_word' id='word_1_88' title='bbox 85 1283 186 1327; x_wconf 85' lang='lat' dir='ltr'>temere</span> <span class='ocrx_word' id='word_1_89' title='bbox 206 1277 267 1342; x_wconf 88' lang='lat' dir='ltr'>quis</span> <span class='ocrx_word' id='word_1_90' title='bbox 280 1282 338 1327; x_wconf 74' lang='lat' dir='ltr'>tons</span> <span class='ocrx_word' id='word_1_91' title='bbox 353 1276 468 1328; x_wconf 81' lang='lat' dir='ltr'>adverso</span> <span class='ocrx_word' id='word_1_92' title='bbox 483 1292 605 1341; x_wconf 88' lang='lat' dir='ltr'>rumore,</span> <span class='ocrx_word' id='word_1_93' title='bbox 624 1280 768 1347; x_wconf 78' lang='lat' dir='ltr'>magisque</span> <span class='ocrx_word' id='word_1_94' title='bbox 782 1276 829 1330; x_wconf 81' lang='lat' dir='ltr'>ml</span> 
     </span>
     <span class='ocr_line' id='line_1_16' title="bbox 88 1350 622 1419; baseline 0.007 -19"><span class='ocrx_word' id='word_1_95' title='bbox 88 1350 222 1414; x_wconf 87' lang='lat' dir='ltr'>omnibus,</span> <span class='ocrx_word' id='word_1_96' title='bbox 232 1351 374 1402; x_wconf 70' lang='lat' dir='ltr'>bansierit</span> <span class='ocrx_word' id='word_1_97' title='bbox 384 1351 420 1402; x_wconf 88' lang='lat' dir='ltr'>ad</span> <span class='ocrx_word' id='word_1_98' title='bbox 429 1352 622 1419; x_wconf 83' lang='lat' dir='ltr'>principatum.</span> 
     </span>
    </p>

    <p class='ocr_par' dir='ltr' id='par_1_3' title="bbox 82 1423 829 2755">
     <span class='ocr_line' id='line_1_17' title="bbox 143 1423 829 1492; baseline 0 -18"><span class='ocrx_word' id='word_1_99' title='bbox 143 1423 202 1475; x_wconf 87' lang='lat' dir='ltr'>vll.</span> <span class='ocrx_word' id='word_1_100' title='bbox 222 1423 335 1476; x_wconf 87' lang='lat' dir='ltr'>Praeter</span> <span class='ocrx_word' id='word_1_101' title='bbox 344 1426 501 1489; x_wconf 84' lang='lat' dir='ltr'>saevitiam,</span> <span class='ocrx_word' id='word_1_102' title='bbox 520 1431 650 1492; x_wconf 84' lang='lat' dir='ltr'>suspecta</span> <span class='ocrx_word' id='word_1_103' title='bbox 662 1428 693 1479; x_wconf 88' lang='lat' dir='ltr'>in</span> <span class='ocrx_word' id='word_1_104' title='bbox 703 1442 738 1480; x_wconf 80' lang='lat' dir='ltr'>eo</span> <span class='ocrx_word' id='word_1_105' title='bbox 748 1423 829 1479; x_wconf 73' lang='lat' dir='ltr'>eliu]</span> 
     </span>
     <span class='ocr_line' id='line_1_18' title="bbox 86 1499 829 1566; baseline 0.001 -16"><span class='ocrx_word' id='word_1_106' title='bbox 86 1499 168 1550; x_wconf 77' lang='lat' dir='ltr'>xenia</span> <span class='ocrx_word' id='word_1_107' title='bbox 182 1505 254 1563; x_wconf 91' lang='lat' dir='ltr'>erat,</span> <span class='ocrx_word' id='word_1_108' title='bbox 274 1500 348 1566; x_wconf 87' lang='lat' dir='ltr'>quod</span> <span class='ocrx_word' id='word_1_109' title='bbox 365 1500 400 1551; x_wconf 90' lang='lat' dir='ltr'>ad</span> <span class='ocrx_word' id='word_1_110' title='bbox 414 1500 533 1551; x_wconf 88' lang='lat' dir='ltr'>mediam</span> <span class='ocrx_word' id='word_1_111' title='bbox 545 1506 658 1552; x_wconf 83' lang='lat' dir='ltr'>noctem</span> <span class='ocrx_word' id='word_1_112' title='bbox 671 1500 829 1553; x_wconf 71' lang='lat' dir='ltr'>nominatior</span> 
     </span>
     <span class='ocr_line' id='line_1_19' title="bbox 89 1573 829 1643; baseline 0.004 -18"><span class='ocrx_word' id='word_1_113' title='bbox 89 1589 150 1625; x_wconf 85' lang='lat' dir='ltr'>eum</span> <span class='ocrx_word' id='word_1_114' title='bbox 169 1573 362 1640; x_wconf 71' lang='lat' dir='ltr'>profanissime</span> <span class='ocrx_word' id='word_1_115' title='bbox 381 1590 491 1643; x_wconf 85' lang='lat' dir='ltr'>quoque</span> <span class='ocrx_word' id='word_1_116' title='bbox 510 1574 691 1627; x_wconf 74' lang='lat' dir='ltr'>fanilliarluur</span> <span class='ocrx_word' id='word_1_117' title='bbox 712 1574 829 1628; x_wconf 69' lang='lat' dir='ltr'>examin</span> 
     </span>
     <span class='ocr_line' id='line_1_20' title="bbox 87 1649 829 1718; baseline -0.001 -17"><span class='ocrx_word' id='word_1_118' title='bbox 87 1665 139 1701; x_wconf 88' lang='lat' dir='ltr'>uec</span> <span class='ocrx_word' id='word_1_119' title='bbox 147 1649 237 1700; x_wconf 89' lang='lat' dir='ltr'>minus</span> <span class='ocrx_word' id='word_1_120' title='bbox 250 1649 353 1711; x_wconf 92' lang='lat' dir='ltr'>libido,</span> <span class='ocrx_word' id='word_1_121' title='bbox 373 1657 486 1715; x_wconf 87' lang='lat' dir='ltr'>prepter</span> <span class='ocrx_word' id='word_1_122' title='bbox 498 1649 671 1700; x_wconf 85' lang='lat' dir='ltr'>exoletorum</span> <span class='ocrx_word' id='word_1_123' title='bbox 687 1656 717 1703; x_wconf 88' lang='lat' dir='ltr'>et</span> <span class='ocrx_word' id='word_1_124' title='bbox 729 1649 829 1718; x_wconf 84' lang='lat' dir='ltr'>spadam</span> 
     </span>
     <span class='ocr_line' id='line_1_21' title="bbox 87 1723 829 1790; baseline -0.001 -16"><span class='ocrx_word' id='word_1_125' title='bbox 87 1738 197 1790; x_wconf 73' lang='lat' dir='ltr'>greges,</span> <span class='ocrx_word' id='word_1_126' title='bbox 207 1729 373 1790; x_wconf 86' lang='lat' dir='ltr'>propterque</span> <span class='ocrx_word' id='word_1_127' title='bbox 382 1723 516 1789; x_wconf 74' lang='lat' dir='ltr'>insignem</span> <span class='ocrx_word' id='word_1_128' title='bbox 526 1724 640 1790; x_wconf 79' lang='lat' dir='ltr'>reginae</span> <span class='ocrx_word' id='word_1_129' title='bbox 649 1724 829 1777; x_wconf 73' lang='lat' dir='ltr'>Bereuieuan</span> 
     </span>
     <span class='ocr_line' id='line_1_22' title="bbox 88 1797 829 1865; baseline 0.003 -16"><span class='ocrx_word' id='word_1_130' title='bbox 88 1804 155 1862; x_wconf 81' lang='lat' dir='ltr'>rem,</span> <span class='ocrx_word' id='word_1_131' title='bbox 165 1798 211 1849; x_wconf 79' lang='lat' dir='ltr'>ocri</span> <span class='ocrx_word' id='word_1_132' title='bbox 220 1798 303 1848; x_wconf 64' lang='lat' dir='ltr'>ffiam</span> <span class='ocrx_word' id='word_1_133' title='bbox 311 1798 422 1863; x_wconf 84' lang='lat' dir='ltr'>nuptias</span> <span class='ocrx_word' id='word_1_134' title='bbox 433 1797 576 1864; x_wconf 84' lang='lat' dir='ltr'>pollicitus</span> <span class='ocrx_word' id='word_1_135' title='bbox 584 1797 735 1851; x_wconf 74' lang='lat' dir='ltr'>ferebamur.</span> <span class='ocrx_word' id='word_1_136' title='bbox 750 1799 829 1865; x_wconf 70' lang='lat' dir='ltr'>§ope</span> 
     </span>
     <span class='ocr_line' id='line_1_23' title="bbox 88 1872 829 1941; baseline -0.004 -17"><span class='ocrx_word' id='word_1_137' title='bbox 88 1872 273 1938; x_wconf 80' lang='lat' dir='ltr'>etrapocitoo,</span> <span class='ocrx_word' id='word_1_138' title='bbox 285 1873 359 1938; x_wconf 88' lang='lat' dir='ltr'>quod</span> <span class='ocrx_word' id='word_1_139' title='bbox 371 1872 527 1935; x_wconf 86' lang='lat' dir='ltr'>constabat,</span> <span class='ocrx_word' id='word_1_140' title='bbox 538 1872 568 1921; x_wconf 89' lang='lat' dir='ltr'>in</span> <span class='ocrx_word' id='word_1_141' title='bbox 578 1872 783 1940; x_wconf 77' lang='lat' dir='ltr'>cognitionibus</span> <span class='ocrx_word' id='word_1_142' title='bbox 789 1876 829 1941; x_wconf 84' lang='lat' dir='ltr'>pat</span> 
     </span>
     <span class='ocr_line' id='line_1_24' title="bbox 87 1946 829 2015; baseline 0.004 -18"><span class='ocrx_word' id='word_1_143' title='bbox 87 1946 236 1997; x_wconf 80' lang='lat' dir='ltr'>nrrndinan&#39;</span> <span class='ocrx_word' id='word_1_144' title='bbox 253 1947 455 2013; x_wconf 86' lang='lat' dir='ltr'>praemiarique</span> <span class='ocrx_word' id='word_1_145' title='bbox 473 1946 597 1996; x_wconf 75' lang='lat' dir='ltr'>sollarm.</span> <span class='ocrx_word' id='word_1_146' title='bbox 636 1946 762 2015; x_wconf 87' lang='lat' dir='ltr'>Denique</span> <span class='ocrx_word' id='word_1_147' title='bbox 779 1958 829 2015; x_wconf 76' lang='lat' dir='ltr'>prul</span> 
     </span>
     <span class='ocr_line' id='line_1_25' title="bbox 88 2019 829 2087; baseline 0.008 -18"><span class='ocrx_word' id='word_1_148' title='bbox 88 2019 144 2069; x_wconf 89' lang='lat' dir='ltr'>lom</span> <span class='ocrx_word' id='word_1_149' title='bbox 155 2019 239 2069; x_wconf 87' lang='lat' dir='ltr'>alium</span> <span class='ocrx_word' id='word_1_150' title='bbox 249 2019 386 2072; x_wconf 86' lang='lat' dir='ltr'>Neronem</span> <span class='ocrx_word' id='word_1_151' title='bbox 396 2027 424 2071; x_wconf 86' lang='lat' dir='ltr'>et</span> <span class='ocrx_word' id='word_1_152' title='bbox 435 2021 633 2087; x_wconf 84' lang='lat' dir='ltr'>opinabantur,</span> <span class='ocrx_word' id='word_1_153' title='bbox 645 2029 672 2074; x_wconf 87' lang='lat' dir='ltr'>et</span> <span class='ocrx_word' id='word_1_154' title='bbox 680 2024 764 2074; x_wconf 62' lang='lat' dir='ltr'>mam</span> <span class='ocrx_word' id='word_1_155' title='bbox 773 2030 829 2087; x_wconf 73' lang='lat' dir='ltr'>pne*</span> 
     </span>
     <span class='ocr_line' id='line_1_26' title="bbox 88 2093 829 2162; baseline 0.003 -18"><span class='ocrx_word' id='word_1_156' title='bbox 88 2094 198 2144; x_wconf 87' lang='lat' dir='ltr'>cabant.</span> <span class='ocrx_word' id='word_1_157' title='bbox 235 2093 271 2144; x_wconf 78' lang='lat' dir='ltr'>At</span> <span class='ocrx_word' id='word_1_158' title='bbox 284 2094 328 2144; x_wconf 89' lang='lat' dir='ltr'>illi</span> <span class='ocrx_word' id='word_1_159' title='bbox 340 2110 375 2145; x_wconf 87' lang='lat' dir='ltr'>ea</span> <span class='ocrx_word' id='word_1_160' title='bbox 387 2094 463 2145; x_wconf 79' lang='lat' dir='ltr'>fania</span> <span class='ocrx_word' id='word_1_161' title='bbox 476 2111 526 2162; x_wconf 89' lang='lat' dir='ltr'>pro</span> <span class='ocrx_word' id='word_1_162' title='bbox 537 2096 612 2147; x_wconf 89' lang='lat' dir='ltr'>bono</span> <span class='ocrx_word' id='word_1_163' title='bbox 624 2098 721 2161; x_wconf 82' lang='lat' dir='ltr'>cessit,</span> <span class='ocrx_word' id='word_1_164' title='bbox 741 2104 829 2149; x_wconf 73' lang='lat' dir='ltr'>coum</span> 
     </span>
     <span class='ocr_line' id='line_1_27' title="bbox 88 2168 829 2237; baseline 0.008 -19"><span class='ocrx_word' id='word_1_165' title='bbox 88 2183 142 2235; x_wconf 89' lang='lat' dir='ltr'>qne</span> <span class='ocrx_word' id='word_1_166' title='bbox 153 2168 234 2219; x_wconf 89' lang='lat' dir='ltr'>estin</span> <span class='ocrx_word' id='word_1_167' title='bbox 243 2170 377 2219; x_wconf 77' lang='lat' dir='ltr'>nranimas</span> <span class='ocrx_word' id='word_1_168' title='bbox 390 2169 496 2231; x_wconf 91' lang='lat' dir='ltr'>laudes,</span> <span class='ocrx_word' id='word_1_169' title='bbox 517 2184 605 2237; x_wconf 86' lang='lat' dir='ltr'>neque</span> <span class='ocrx_word' id='word_1_170' title='bbox 613 2170 675 2223; x_wconf 86' lang='lat' dir='ltr'>ullo</span> <span class='ocrx_word' id='word_1_171' title='bbox 686 2172 754 2223; x_wconf 86' lang='lat' dir='ltr'>vitio</span> <span class='ocrx_word' id='word_1_172' title='bbox 763 2170 829 2235; x_wconf 66' lang='lat' dir='ltr'>rapui</span> 
     </span>
     <span class='ocr_line' id='line_1_28' title="bbox 90 2238 829 2309; baseline 0.003 -15"><span class='ocrx_word' id='word_1_173' title='bbox 90 2249 117 2294; x_wconf 86' lang='lat' dir='ltr'>et</span> <span class='ocrx_word' id='word_1_174' title='bbox 127 2248 225 2309; x_wconf 72' lang='lat' dir='ltr'>eontra</span> <span class='ocrx_word' id='word_1_175' title='bbox 236 2243 383 2293; x_wconf 85' lang='lat' dir='ltr'>virtutibus</span> <span class='ocrx_word' id='word_1_176' title='bbox 399 2245 520 2294; x_wconf 80' lang='lat' dir='ltr'>surrrnris.</span> <span class='ocrx_word' id='word_1_177' title='bbox 560 2245 697 2296; x_wconf 85' lang='lat' dir='ltr'>Convivia</span> <span class='ocrx_word' id='word_1_178' title='bbox 710 2238 829 2296; x_wconf 69' lang='lat' dir='ltr'>muudi</span> 
     </span>
     <span class='ocr_line' id='line_1_29' title="bbox 89 2312 829 2387; baseline -0.005 -18"><span class='ocrx_word' id='word_1_179' title='bbox 89 2317 180 2369; x_wconf 80' lang='lat' dir='ltr'>manda</span> <span class='ocrx_word' id='word_1_180' title='bbox 189 2317 290 2384; x_wconf 77' lang='lat' dir='ltr'>magis,</span> <span class='ocrx_word' id='word_1_181' title='bbox 302 2332 382 2382; x_wconf 87' lang='lat' dir='ltr'>quam</span> <span class='ocrx_word' id='word_1_182' title='bbox 395 2317 517 2382; x_wconf 83' lang='lat' dir='ltr'>profusa.</span> <span class='ocrx_word' id='word_1_183' title='bbox 555 2319 668 2370; x_wconf 81' lang='lat' dir='ltr'>Anticus</span> <span class='ocrx_word' id='word_1_184' title='bbox 678 2320 770 2387; x_wconf 77' lang='lat' dir='ltr'>elegit,</span> <span class='ocrx_word' id='word_1_185' title='bbox 778 2312 829 2383; x_wconf 79' lang='lat' dir='ltr'>quil</span> 
     </span>
     <span class='ocr_line' id='line_1_30' title="bbox 89 2386 829 2461; baseline -0.004 -17"><span class='ocrx_word' id='word_1_186' title='bbox 89 2393 173 2444; x_wconf 86' lang='lat' dir='ltr'>etiam</span> <span class='ocrx_word' id='word_1_187' title='bbox 192 2397 256 2458; x_wconf 84' lang='lat' dir='ltr'>post</span> <span class='ocrx_word' id='word_1_188' title='bbox 275 2407 335 2458; x_wconf 78' lang='lat' dir='ltr'>mem</span> <span class='ocrx_word' id='word_1_189' title='bbox 350 2393 500 2458; x_wconf 88' lang='lat' dir='ltr'>principes,</span> <span class='ocrx_word' id='word_1_190' title='bbox 519 2398 592 2445; x_wconf 88' lang='lat' dir='ltr'>utet</span> <span class='ocrx_word' id='word_1_191' title='bbox 605 2394 662 2445; x_wconf 86' lang='lat' dir='ltr'>sibl</span> <span class='ocrx_word' id='word_1_192' title='bbox 675 2401 705 2446; x_wconf 88' lang='lat' dir='ltr'>et</span> <span class='ocrx_word' id='word_1_193' title='bbox 718 2386 829 2461; x_wconf 76' lang='lat' dir='ltr'>reipublic</span> 
     </span>
     <span class='ocr_line' id='line_1_31' title="bbox 88 2466 829 2537; baseline 0.004 -20"><span class='ocrx_word' id='word_1_194' title='bbox 88 2467 265 2529; x_wconf 82' lang='lat' dir='ltr'>necessariis,</span> <span class='ocrx_word' id='word_1_195' title='bbox 291 2466 497 2531; x_wconf 86' lang='lat' dir='ltr'>acquieverunt,</span> <span class='ocrx_word' id='word_1_196' title='bbox 525 2468 730 2537; x_wconf 83' lang='lat' dir='ltr'>praecipueque</span> <span class='ocrx_word' id='word_1_197' title='bbox 746 2470 829 2519; x_wconf 70' lang='lat' dir='ltr'>suut!</span> 
     </span>
     <span class='ocr_line' id='line_1_32' title="bbox 88 2539 829 2595; baseline -0.003 -3"><span class='ocrx_word' id='word_1_198' title='bbox 88 2541 238 2592; x_wconf 87' lang='lat' dir='ltr'>Berenicen</span> <span class='ocrx_word' id='word_1_199' title='bbox 258 2540 351 2590; x_wconf 87' lang='lat' dir='ltr'>statim</span> <span class='ocrx_word' id='word_1_200' title='bbox 372 2540 406 2591; x_wconf 88' lang='lat' dir='ltr'>ab</span> <span class='ocrx_word' id='word_1_201' title='bbox 420 2541 492 2591; x_wconf 90' lang='lat' dir='ltr'>Urbe</span> <span class='ocrx_word' id='word_1_202' title='bbox 512 2542 618 2593; x_wconf 76' lang='lat' dir='ltr'>dimisit</span> <span class='ocrx_word' id='word_1_203' title='bbox 637 2544 741 2595; x_wconf 89' lang='lat' dir='ltr'>invitus</span> <span class='ocrx_word' id='word_1_204' title='bbox 756 2539 829 2592; x_wconf 79' lang='lat' dir='ltr'>nvllo</span> 
     </span>
     <span class='ocr_line' id='line_1_33' title="bbox 90 2614 829 2686; baseline 0.001 -22"><span class='ocrx_word' id='word_1_205' title='bbox 90 2614 231 2676; x_wconf 76' lang='lat' dir='ltr'>Quosdam</span> <span class='ocrx_word' id='word_1_206' title='bbox 243 2630 257 2665; x_wconf 90' lang='lat' dir='ltr'>e</span> <span class='ocrx_word' id='word_1_207' title='bbox 267 2615 432 2680; x_wconf 76' lang='lat' dir='ltr'>gratissimis</span> <span class='ocrx_word' id='word_1_208' title='bbox 442 2615 637 2681; x_wconf 82' lang='lat' dir='ltr'>delientomm,</span> <span class='ocrx_word' id='word_1_209' title='bbox 659 2616 829 2686; x_wconf 72' lang='lat' dir='ltr'>quanquanfl</span> 
     </span>
     <span class='ocr_line' id='line_1_34' title="bbox 82 2688 829 2755; baseline -0.001 -14"><span class='ocrx_word' id='word_1_210' title='bbox 82 2690 208 2745; x_wconf 73' lang='lat' dir='ltr'>artifices</span> <span class='ocrx_word' id='word_1_211' title='bbox 218 2688 393 2755; x_wconf 81' lang='lat' dir='ltr'>saltationis,</span> <span class='ocrx_word' id='word_1_212' title='bbox 411 2696 443 2741; x_wconf 88' lang='lat' dir='ltr'>ut</span> <span class='ocrx_word' id='word_1_213' title='bbox 455 2704 519 2743; x_wconf 80' lang='lat' dir='ltr'>uror</span> <span class='ocrx_word' id='word_1_214' title='bbox 534 2706 645 2743; x_wconf 86' lang='lat' dir='ltr'>scenam</span> <span class='ocrx_word' id='word_1_215' title='bbox 659 2692 797 2753; x_wconf 80' lang='lat' dir='ltr'>tenuerim,</span> <span class='ocrx_word' id='word_1_216' title='bbox 810 2696 829 2735; x_wconf 77' lang='lat' dir='ltr'>ll</span> 
     </span>
    </p>
   </div>
   <div class='ocr_carea' id='block_1_3' title="bbox 0 0 918 3068">
    <p class='ocr_par' dir='ltr' id='par_1_4' title="bbox 0 0 918 3068">
     <span class='ocr_line' id='line_1_35' title="bbox 0 0 918 3068; baseline 0 0"><span class='ocrx_word' id='word_1_217' title='bbox 0 0 918 3068; x_wconf 95' lang='lat' dir='ltr'> </span> 
     </span>
    </p>
   </div>
  </div>
 </body>
</html>
