1874 3060
192 210 379 258 TIBERIUS.
415 211 493 257 GAP.
513 212 629 257 08-72.
753 209 804 265 153

12 332 163 385 admodum
173 331 336 397 delectatus,
357 334 460 400 seripta
469 347 564 385 eorum
574 340 602 385 et
611 333 744 400 imagines
754 351 803 402 pu.

10 408 94 460 blicis
103 405 281 459 bibliothecis
295 408 368 459 inter
380 413 484 459 veteres
498 414 526 459 et
535 407 700 475 praecipuos
708 418 802 461 aueto-

10 496 56 534 res
71 481 221 544 dedicavit3
241 487 269 532 et
282 481 319 533 ob
333 480 386 533 hoe
400 482 522 549 plerique
536 481 706 534 eruditorum
716 489 802 535 certa·

10 557 60 607 tim
71 555 107 607 erl
116 571 180 607 eum
189 555 276 606 multa
286 555 320 607 de
330 554 373 607 bis
386 556 538 608 ediderunt.
575 556 697 608 Maxime
710 562 803 609 tumen

10 631 118 682 curarit
125 630 252 681 notitiam
262 628 395 682 historiae
399 629 542 694 tabularu,
548 645 634 698 usque
639 630 675 681 ad
682 631 801 699 ineptias

10 712 93 774 atque
107 704 237 756 derisum.
275 704 346 755 Nom
361 711 388 756 et
400 706 606 772 grammaticos,
626 705 701 772 quod
714 720 801 772 genus

10 777 151 831 bominum
161 779 315 846 praecipue,
325 784 358 830 ut
367 779 493 842 diximum
505 780 658 847 appetebat,
664 779 801 832 eiusmodi

10 852 68 906 lere
82 853 291 922 quaestionibus
304 854 510 920 experiebatur
527 869 594 919 quoe
613 863 698 905 muter
710 853 799 906 Hecu·

10 924 71 990 boe,
92 927 163 994 quod
174 925 274 978 Achilli
285 944 378 979 nomen
390 927 461 979 ister
473 926 589 996 uirgines
596 927 713 998 finirem
736 927 802 995 quid

10 1000 116 1054 &mr
124 1009 234 1054 eantare
242 1000 298 1053 siut
305 1002 405 1054 solius
443 1001 543 1069 litque
554 1003 671 1069 primum
682 1003 727 1054 die
736 1011 801 1070 post

10 1078 152 1129 aonium
165 1076 281 1143 Augusti
295 1077 401 1128 curiam
412 1077 538 1140 intravit,
559 1077 640 1143 quasi
653 1077 751 1143 pietati
764 1077 800 1127 si·

10 1151 68 1203 mul
76 1165 111 1202 ae
119 1150 249 1218 religioni
257 1150 463 1215 satisfacturum,
477 1151 581 1203 Minois
592 1151 729 1218 exemplo,
740 1157 801 1202 ture

10 1224 121 1293 quidem
131 1240 165 1276 eo
173 1225 252 1288 vino,
265 1240 359 1277 rerum
368 1225 427 1277 sine
436 1226 562 1290 tibicine,
577 1225 755 1294 supplicavit,
771 1231 803 1276 ut

10 1299 58 1353 ille
68 1299 136 1352 olim
145 1299 176 1351 in
184 1305 272 1351 morte
281 1300 343 1351 filii.

64 1373 165 1425 Lxxl.
190 1372 320 1426 Sermone
344 1372 465 1438 Graeco,
493 1389 649 1443 quanquam
673 1373 799 1443 alioquin

10 1453 151 1518 promptus
172 1453 199 1499 ot
216 1447 321 1512 facilis,
340 1464 397 1501 nen
414 1455 507 1500 tumen
520 1462 715 1516 usquequaque
732 1464 799 1499 usus

10 1529 64 1586 αις
87 1522 272 1591 abstinuitque
286 1524 404 1575 maxime
417 1523 447 1575 in
460 1528 569 1585 senatu,
590 1522 660 1574 adeo
680 1521 799 1589 quidem,

10 1596 223 1664 utnonopoliom
232 1597 513 1664 nominatiuus,prius
521 1596 631 1647 reniam
640 1595 798 1662 postularit,

10 1670 84 1739 qnod
103 1671 159 1723 sibi
176 1673 260 1723 verbo
280 1672 423 1740 peregrino
443 1670 573 1723 utendum
593 1675 672 1721 esset.
710 1668 798 1735 Atque

10 1747 92 1798 etiam
102 1747 132 1797 in
143 1745 262 1813 quodam
273 1745 381 1800 decreto
392 1752 499 1814 potrum
505 1783 513 1809 ,
534 1760 617 1812 quum
627 1741 747 1806 ἔμβὶημα
757 1757 798 1792 re·

11 1821 150 1884 eitaretur,
162 1821 382 1872 eommutandam
393 1821 498 1873 oensuit
506 1834 613 1882 vocem,
625 1825 652 1870 et
661 1832 711 1886 pro
722 1831 798 1884 pere-

10 1895 88 1962 grino
96 1899 248 1946 nostratem
257 1894 456 1962 requirendam,
468 1900 516 1945 aut
525 1893 551 1944 si
559 1908 615 1944 non
624 1892 798 1960 reperiretur,

10 1968 52 2021 vel
59 1969 185 2037 pluribus
195 1976 224 2020 et
231 1978 281 2036 'per
290 1969 422 2020 ambitum
430 1970 576 2020 verborum
585 1983 642 2019 rem
652 1967 798 2019 enuncian-

10 2041 80 2095 dam.
117 2043 237 2095 Militem
247 2058 368 2112 quoque,
380 2058 476 2110 groeoe
485 2042 672 2094 testimonium
681 2043 797 2094 interro·

10 2123 108 2184 gutum,
118 2118 175 2169 nisi
184 2118 270 2169 latine
279 2118 443 2184 respondere
452 2117 547 2169 vetut.

11 2220 15 2226 ·
60 2191 175 2245 Luxu.
194 2191 243 2243 Bis
257 2193 368 2243 omnino
387 2197 448 2244 toto
468 2207 590 2243 seoesens
607 2196 729 2259 tempore
742 2189 795 2240 llo-

10 2279 79 2318 rnam
91 2267 183 2320 redire
198 2272 325 2331 conatos,
346 2266 430 2318 semel
441 2266 548 2318 triremi
561 2280 647 2332 usque
658 2263 693 2314 ed
703 2263 795 2330 proxi-

10 2352 66 2392 mos
75 2337 256 2394 naumaehioe
266 2338 362 2392 hortos
372 2342 516 2392 subvectus
527 2345 579 2403 est,
595 2337 731 2405 disposita
740 2341 794 2386 eta-

10 2413 82 2468 tione
89 2431 140 2484 per
149 2415 424 2485 ripuoleeriuquae
435 2415 544 2467 obviam
554 2411 718 2482 prodeuntes
723 2425 794 2461 mm-

11 2498 138 2553 Μυκη
158 2490 258 2541 lterum
267 2490 357 2558 Appia
369 2505 455 2559 usque
466 2489 502 2540 ad
512 2487 655 2554 septimum
665 2483 795 2550 lapidem,

12 2563 56 2615 ml
64 2564 220 2633 proepeoiis
229 2564 312 2618 modo
317 2603 325 2630 ,
335 2580 386 2617 nee
396 2565 479 2616 aditis
489 2563 571 2615 Urbis
580 2559 737 2620 moenibus,
752 2572 793 2607 re·

12 2634 69 2691 ‹liits
87 2640 180 2708 primo
189 2638 336 2702 inoermm,
351 2654 405 2707 que
415 2638 448 2691 de
463 2653 558 2700 eausa,
573 2638 671 2702 postea
686 2636 793 2683 ostento

10 2714 126 2767 inlust.
164 2712 234 2765 litet
247 2714 275 2767 ei
284 2714 316 2765 in
329 2713 534 2767 oblectamentis
548 2705 796 2781 [eerpem1draoo,
