1874 3060
242 212 442 259 CALIGULA.
477 212 555 259 ΟΔΡ.
571 213 692 259 43-41.
815 208 865 262 185

68 337 206 390 abductos
218 335 368 388 cliterario
381 334 461 400 ludo,
481 335 605 402 clamque
619 335 798 402 praemissos,
819 336 863 389 de·

69 422 143 465 serto
154 417 267 478 repente
278 410 404 463 convivio
416 426 476 461 cerm
486 411 611 477 equitatu
619 411 767 474 insecutus,
778 410 862 463 veluti

68 486 205 555 profugos
220 500 254 536 ac
267 482 447 552 reprehensos
460 485 490 534 in
504 485 608 535 catenis
621 484 743 547 reduxit3
766 484 796 535 in
809 482 863 537 hoc

68 560 277 629 quoquemimo
292 558 525 625 praetermodum
544 559 738 625 intemperans.
775 557 861 625 Repe-

69 638 121 688 tita
130 648 228 698 coena,
239 634 430 686 renunciantes
439 639 565 684 enemim
576 647 681 700 agmen,
692 633 764 684 sicut
774 639 861 697 eraut,

70 710 203 763 loricatos
214 708 250 759 ad
260 707 483 760 discumbendum
493 706 654 759 adhortatus
664 711 715 758 est.
751 706 863 758 Monuit

70 785 151 837 etiam
162 784 310 835 notissimo
321 781 434 849 Virgilii
442 797 532 845 versu,
543 781 681 844 durarent,
694 780 862 848 secundisque

71 859 182 911 teratu
191 864 334 909 seruarent.
371 858 460 924 Atque
472 856 544 906 inter
557 853 625 908 haec
635 856 774 914 absentem
783 871 861 908 sena·

70 940 125 985 turn
134 932 322 1001 populumque
331 930 495 998 gravissimo
508 930 664 997 obiurgavit
669 931 768 994 edicto,
775 931 860 1000 quod,

73 1006 183 1059 Quare
188 1005 336 1074 proeliante
346 1015 374 1057 et
383 1004 465 1057 tunde
475 1003 667 1056 discriminibus
677 1005 784 1070 obiecto,
796 1015 860 1058 tem·

69 1081 167 1148 putica
176 1079 307 1144 onum,
329 1078 435 1133 Circum
450 1089 477 1132 et
489 1078 596 1132 electra
609 1088 637 1132 et
649 1095 769 1132 aoweuoe
779 1096 861 1133 seces·

70 1171 110 1207 ess
118 1155 289 1209 abhoreat.

119 1228 223 1283 XLVI.
243 1228 399 1293 Postremo,
425 1230 506 1296 quasi
523 1234 728 1298 perpetraturus
748 1228 859 1294 bellum,

70 1305 173 1359 direcm
183 1304 244 1356 acie
252 1305 283 1355 ln
292 1304 375 1356 litore
380 1303 491 1368 Oceani,
501 1319 534 1355 ae
543 1305 663 1356 ballistis
672 1302 860 1373 machinisque

70 1379 227 1449 dispositis,
246 1378 354 1430 nemine
363 1392 448 1445 gnaro
460 1383 509 1428 eut
519 1379 647 1446 opinante
657 1379 787 1446 quidnam
799 1395 860 1431 coe·

69 1462 165 1523 purrus
176 1458 260 1516 esset,
269 1457 388 1519 repente,
399 1457 431 1503 nt
441 1450 558 1502 conchas
569 1451 701 1519 legerent,
712 1453 860 1521 galeasque

69 1530 183 1581 otuinus
195 1526 344 1594 replerent,
363 1526 521 1592 imperavit,
540 1525 622 1591 spolia
634 1523 735 1577 Oceani
747 1542 860 1590 vocans,

70 1602 201 1673 (ἔφ’ωῖίο
211 1599 370 1668 Palatioque
379 1598 475 1651 debita.
498 1598 535 1650 Et
544 1600 574 1649 iu
583 1599 716 1651 indicium
725 1601 860 1652 uictoriae

69 1678 232 1730 ιιὶᾱιείιιιαιιι
250 1682 353 1728 turrem
367 1674 509 1739 excitavit,
530 1688 564 1725 ex
578 1689 645 1742 qua,
665 1679 698 1724 ut
710 1689 744 1725 ex
757 1672 860 1738 Pharo,

68 1753 198 1806 noctibus
207 1751 244 1802 ad
253 1750 387 1818 regendos
397 1750 506 1800 navium
519 1748 694 1815 cursusignes
700 1748 860 1800 emicarent:

68 1826 306 1896 pronunciatoque
315 1824 397 1876 militi
407 1823 552 1888 donativo,
572 1823 860 1875 centenisriritimde·

68 1902 168 1967 uariis,
179 1901 262 1970 quasi
270 1914 350 1953 omne
360 1898 511 1966 exemplum
520 1897 696 1951 liberalitatis
705 1913 860 1968 supergres-

69 1993 125 2043 sus,
136 1975 224 2038 Alite,
234 1975 334 2043 inquit,
344 1973 416 2036 lucu,
427 1973 497 2025 abite
507 1975 651 2040 locupletes.

123 2049 236 2103 XLVll.
254 2050 406 2101 Conversum
416 2047 628 2100 hinoadcuram
638 2048 860 2117 triumphi,prae·

69 2132 112 2179 ter
121 2126 249 2192 captivos
259 2139 292 2175 ac
301 2122 459 2190 transfugae
468 2122 616 2188 barbaros,
628 2123 781 2177 Galliarum
793 2141 860 2191 quo-

70 2216 123 2269 que
141 2199 364 2269 procerissimum
385 2212 530 2270 quemque,
555 2204 593 2262 et,
613 2205 644 2250 nt
662 2200 722 2265 ipse
742 2199 860 2262 dicebat,

70 2271 324 2341 ἆεωθριάμβευτον,
334 2288 369 2324 ac
376 2272 524 2333 nonnullos
530 2273 737 2340 exprincipibus
747 2271 821 2337 legit,
828 2287 861 2323 oc

70 2351 195 2417 seposuit
206 2349 242 2403 ad
251 2363 394 2415 pompam,
414 2347 558 2416 coegitque
566 2363 622 2399 non
632 2353 738 2398 tautum
746 2345 861 2397 rutilare

69 2434 98 2477 et
106 2424 277 2477 summittere
287 2438 402 2487 comam,
413 2421 462 2474 sed
472 2427 500 2473 et
508 2424 660 2474 sennonem
669 2419 861 2471 Germanicum

70 2500 227 2564 addiscere,
253 2503 281 2549 et
298 2498 411 2549 nomina
430 2496 577 2554 barbari„
594 2496 676 2548 ferre.
717 2493 862 2558 Praecepit

69 2576 167 2640 etlam
180 2575 319 2637 triremes,
334 2572 433 2639 quibus
442 2571 589 2623 introierat
599 2569 749 2630 Oceanum,
761 2581 862 2633 magua

70 2655 193 2717 exparte
202 2649 302 2699 itinere
310 2645 434 2698 terrestri
442 2644 559 2696 Romam
569 2641 674 2695 devehi.
708 2641 825 2708 Scripsit
834 2647 862 2693 et

69 2722 312 2793 procreatoribus,
325 2718 488 2787 trimphum
495 2726 658 2787 appararem
666 2722 744 2784 quam
752 2715 861 2769 udaius
