1874 3060
112 203 163 258 368
394 209 423 253 C.
445 205 633 254 SUETONH

112 337 141 380 et
154 344 187 380 eo
202 327 333 380 defuncto
346 329 471 380 Asinium
484 326 659 380 Pollionem:
679 343 750 395 qnos
764 327 893 381 historiar

112 418 279 470 componere
293 418 452 470 aggressos,
463 402 579 453 alterum
592 402 732 455 breviario
746 419 839 455 rerum
851 418 894 455 on·

109 478 187 528 nium
202 477 401 541 Romanarum,
417 491 450 528 ex
466 477 577 545 qmpus,
592 492 663 544 quas
676 476 772 541 vellet,
788 478 894 545 eligeret,

109 552 260 613 instruxit3
285 551 400 603 alterum
417 551 571 619 praeceptis
584 549 620 601 de
633 551 743 603 ratione
760 551 895 604 scribendi.

113 625 175 686 Quo
186 626 275 692 magis
284 627 379 689 miror,
389 625 515 675 Asinium
524 622 679 676 Pollionem
690 625 850 690 credidisse,
859 640 894 676 ιι·

110 700 191 768 tiqua
200 715 261 750 euru
270 700 355 751 verba
365 705 393 751 et
402 700 505 765 dgnras
515 699 627 750 solitum
638 714 699 750 esse
709 700 842 767 colligere
848 698 895 752 stl-

110 773 214 824 lustio:
235 788 318 839 quum
333 774 388 824 sibi
405 774 477 824 sciat
489 773 531 823 nil
544 772 621 823 aliud
635 772 766 839 suadere,
781 789 862 842 quam
872 779 896 824 ut

110 853 178 899 uoto
199 847 329 914 civilique
348 852 377 898 et
395 847 509 915 proprio
524 862 650 899 sermone
663 853 773 912 utatur,
787 849 896 915 vltetquo

109 921 229 972 maxime
240 922 437 974 obscuritatem
448 920 575 973 Sallustii
584 926 613 973 et
622 921 769 973 audaciam
779 922 811 975 ιιι
818 929 895 975 trans

109 994 271 1047 lotionibus.

165 1068 214 1120 Xl.
233 1068 384 1121 Vrnnnrns
406 1069 501 1134 Coro,
521 1075 554 1120 ut
572 1069 699 1121 nonnulli
717 1070 895 1134 tradiderunt,

108 1142 226 1195 Burseni
240 1144 382 1195 cniusdam
397 1143 525 1207 libertus,
540 1159 575 1196 ex
589 1142 702 1195 Gallias
720 1145 784 1212 ipse
797 1144 896 1207 libello,

109 1218 155 1268 sui
168 1222 210 1269 est
222 1217 320 1269 titulus
330 1216 498 1286 Indignatio,
509 1219 658 1285 ingenuum
667 1234 698 1270 se
707 1225 806 1270 natum
816 1219 865 1282 ait,
874 1224 897 1270 et

108 1290 242 1357 pupillum
261 1290 404 1356 relictum,
426 1307 514 1360 eoque
533 1292 645 1344 facilins
664 1292 781 1345 licentia
800 1291 897 1347 Sullsui

108 1365 241 1430 temporis
251 1371 363 1416 exutum
373 1366 553 1435 patrimonio.
591 1366 697 1419 Docuit
705 1367 896 1420 multosetno·

108 1438 178 1489 biles
190 1454 198 1501 3
217 1438 347 1509 visusque
357 1446 401 1491 est
414 1440 581 1508 peridoneus
595 1447 773 1511 praeceptor,
788 1442 898 1494 maxime

109 1512 145 1563 ad
159 1513 297 1580 poeticam
311 1515 504 1579 tendentihns3
527 1521 561 1567 ut
578 1516 690 1584 quidem
709 1531 845 1586 appar-ero
861 1513 899 1567 rel

107 1585 150 1638 his
160 1588 303 1640 versiculis
313 1594 421 1657 potest:
711 1634 714 1638 ,

183 1661 251 1714 Coto
263 1662 471 1727 Grammaticus,
483 1662 585 1716 Latino
596 1663 686 1730 Siren,

185 1735 240 1801 Qui
248 1739 316 1788 solos
326 1737 393 1808 legit
401 1755 433 1791 oc
436 1738 514 1810 facit
518 1747 620 1806 poetas.

107 1809 225 1878 Scripsit
239 1818 348 1879 praeter
361 1814 557 1881 grammaticos
570 1813 681 1865 libellos
695 1813 781 1865 ctiam
794 1827 897 1883 poema·

106 1894 149 1948 ta,
166 1900 200 1936 ex
214 1887 313 1953 qulbus
328 1888 476 1955 praecipue
490 1888 643 1954 probantur
656 1886 745 1957 Lydia
759 1894 788 1942 et
801 1886 897 1940 Diona

106 1956 209 2026 Lydiae
219 1960 319 2010 Ticida
329 1962 453 2012 meminit
462 1978 469 2012 ι

180 2031 268 2101 Lydia
278 2033 413 2086 doctorum
423 2034 539 2087 maximo
549 2035 696 2089 ruraliter,

106 2104 214 2157 Dionae
224 2107 330 2158 Οίιιιιιιι

183 2179 293 2234 Saecula
299 2192 458 2249 permoneat
465 2183 551 2236 nosne·
559 2182 652 2236 Diooo
663 2183 781 2237 Catonis.

107 2254 186 2307 Vixit
200 2255 236 2307 ad
250 2263 397 2308 extrenum
409 2265 558 2322 senectam,
570 2259 617 2310 sed
627 2259 657 2310 iu
667 2274 774 2310 summa
788 2272 900 2326 pauper·

106 2335 164 2382 tate
174 2336 202 2382 et
210 2346 297 2399 paene
306 2332 410 2399 iuopia,
423 2333 533 2384 abditus
544 2333 653 2385 modico
664 2335 819 2401 gurgustio,
828 2338 900 2400 post·

108 2418 190 2471 quam
204 2404 363 2457 Tusculana
376 2406 444 2458 villa
459 2407 642 2459 creditoribus
658 2414 792 2473 cesserat,
811 2414 842 2459 ut
856 2421 899 2458 au·

108 2484 168 2528 otor
178 2483 220 2530 est
229 2479 380 2531 Bibaculus
391 2498 398 2530 ι

182 2550 214 2602 82·
223 2551 280 2618 pois
283 2553 361 2624 forte
371 2553 424 2606 mei
432 2554 534 2606 domum
546 2554 667 2618 Catonis,

181 2624 222 2677 Et
226 2626 313 2693 pictas
323 2628 404 2680 mimo
414 2629 525 2690 assulas,
538 2638 565 2680 et
572 2630 630 2681 illos

131 2748 133 2752 ,
181 2698 303 2757 Custodit
313 2702 384 2757 videt
394 2703 510 2756 tortolm
520 2702 623 2772 Priapi,
