1822 3068
247 198 358 247 NERO.
393 200 470 250 GAP.
489 203 596 252 22-24
767 204 819 258 239

60 321 198 378 reelers'tsr
206 321 316 386 remei,
331 331 418 376 tamen
427 324 537 378 saedere
546 334 573 378 et
581 335 672 394 optare
677 328 767 396 potius
776 331 820 382 cle·

60 396 482 467 qestwssslc'gsesrseertsr.
513 400 819 466 Cantanteemuecne·

60 474 150 526 usaria
159 473 271 541 quidem
281 487 366 524 eausa
376 474 506 527 excedere
514 472 623 528 theatro
634 476 740 528 licitum
750 486 819 531 erat.

60 562 124 619 sque
134 554 163 601 et
172 549 270 600 enixae
280 547 414 614 quaedam
426 548 457 600 in
467 550 631 616 spectaculis
642 551 783 617 dicrmtur,
792 560 820 606 et

60 623 109 676 ulti
120 622 216 675 taedio
227 621 359 674 audiendi
366 622 565 692 laudandique,
576 624 677 678 clausis
690 624 821 694 [oppido-

59 698 103 769 un]
114 698 268 766 portinent
276 695 371 748 nunu
381 697 525 750 desiluisse
535 698 569 751 de
578 707 721 765 murmane
731 709 820 756 morte

59 772 160 825 nnlata
172 771 269 824 iuuere
283 770 359 823 elati.
398 771 488 833 Quam
502 779 592 825 antem
606 776 713 843 trepide
727 777 820 830 auxie·

59 848 84 900 as'
96 846 255 909 conaverit,
270 851 374 913 quanta
388 845 608 899 adversariorum
622 850 819 917 aemulatione,

59 936 86 975 no
99 927 174 973 metu
189 920 324 984 iudicum,
338 921 385 971 vix
400 920 588 987 credipotest.
626 924 820 992 Adversarios,

59 996 110 1049 rasi
118 996 201 1066 plane
211 994 379 1047 conditionis
389 994 519 1059 eiusdem,
531 996 685 1063 observare,
697 1008 818 1068 captore,

59 1069 163 1123 ismara
172 1073 289 1133 secreto,
294 1083 488 1137 nonnunquam
496 1084 530 1122 ex
540 1084 656 1123 occursu
666 1074 820 1127 maledictis

59 1160 177 1209 mere,
191 1144 266 1195 acsi
279 1144 327 1212 qui
340 1149 399 1195 arte
416 1144 624 1211 praecellerent,
646 1162 820 1216 corrumpere

58 1221 112 1273 dn
122 1219 240 1272 solebat.
277 1218 384 1270 ludices
394 1224 498 1283 autem,
509 1220 667 1288 priusquam
677 1223 819 1291 inciperet,

58 1295 245 1348 mdmime
262 1292 467 1361 alloquebatur,
488 1289 585 1347 Omnia
598 1310 626 1346 ss
637 1295 766 1369 foderes
773 1298 820 1371 fe·

58 1368 106 1434 iss,
118 1369 165 1421 sed
178 1376 297 1421 wentam
309 1366 338 1419 s'a
352 1382 432 1419 maan
450 1381 505 1418 esse
524 1364 680 1424 Fortunae:
699 1372 768 1436 s'llos,
789 1383 822 1425 at

58 1443 156 1512 piram
175 1453 205 1496 et
221 1442 311 1495 doctos
328 1438 411 1504 os'ros,
424 1439 546 1512 fortuita
560 1444 651 1497 delere
666 1448 820 1500 excludere:

58 1524 124 1589 tque,
137 1525 170 1572 nt
183 1517 308 1581 auderet,
323 1513 510 1580 hortantibus,
526 1519 656 1585 aequiore
671 1521 763 1574 animo
776 1537 820 1574 re-

58 1592 161 1658 sdsbat3
180 1608 215 1646 ac
227 1607 263 1644 ne
274 1591 317 1643 sic
330 1589 439 1658 quidem
455 1591 513 1642 sine
533 1592 731 1658 sollicitudine,
750 1596 819 1647 taci-

58 1669 188 1721 nltatern
205 1666 392 1736 pudoremque
406 1665 578 1733 quorundam
597 1683 648 1734 pro
663 1669 779 1720 tristitia
793 1677 821 1721 et

57 1742 199 1812 dignitate
209 1755 341 1809 arguens,
352 1746 548 1808 suspectosque
558 1742 613 1792 sibi
623 1742 725 1794 diceus.

85 1816 186 1871 XXIV.
204 1814 453 1867 Incertaudovero
472 1814 514 1865 ita
532 1815 588 1882 legi
608 1817 768 1882 obediebat,
789 1824 820 1869 ut

57 1904 165 1961 mnam
186 1904 330 1944 exscreare
348 1900 444 1952 ausum,
465 1889 592 1941 sudorem
613 1907 722 1960 quoque
744 1892 819 1944 fron·

57 1964 207 2020 ibrachio
232 1964 402 2031 detergeret:
432 1969 514 2031 atque
539 1965 622 2016 etiam
645 1967 674 2018 in
698 1968 820 2036 quodam

57 2042 133 2111 regico
145 2047 219 2104 actu,
229 2054 312 2107 quum
322 2037 444 2105 elapsum
454 2037 582 2089 baculum
593 2041 648 2093 cito
659 2043 820 2112 resumpsis-

57 2120 85 2181 s,
101 2114 219 2186 pavidus
232 2119 262 2167 et
274 2118 409 2175 metuens,
428 2126 463 2163 nc
478 2112 514 2163 ob
529 2112 657 2167 delictum
672 2119 820 2169 certamine

57 2195 256 2252 moveram,
271 2203 326 2240 uon
336 2187 418 2238 aliter
427 2186 603 2241 confirmatus
614 2197 667 2254 est,
678 2207 760 2259 quam
771 2191 819 2241 ad·

57 2273 133 2319 rante
144 2263 305 2334 hypocrita,
315 2276 371 2314 nou
382 2261 600 2314 sulmadversum
609 2264 638 2315 id
648 2266 720 2316 iuter
729 2264 819 2316 exssrl·

56 2340 146 2395 tiones
164 2338 449 2403 succlamationesque
467 2337 573 2403 populi.
610 2337 751 2390 Victorem
771 2352 819 2388 au·

56 2416 190 2485 aasaipse
199 2412 414 2482 pronunciabat3
429 2410 528 2477 quade
538 2428 623 2464 cansa
633 2422 660 2464 et
670 2412 818 2479 praeconio

56 2486 128 2560 lique
146 2488 298 2543 contendit.
335 2487 374 2537 ric
393 2500 427 2536 ne
441 2486 519 2537 euirrs
534 2487 647 2538 alterlus
666 2484 819 2538 hieronica-

56 2576 88 2618 lm
101 2565 235 2618 messoria
251 2569 300 2614 aut
311 2559 456 2628 vestigium
475 2566 596 2614 exstaret
612 2575 741 2627 usquam,
756 2562 819 2613 sub·

56 2640 97 2694 rel
110 2647 139 2694 at
151 2655 224 2692 unco
233 2636 309 2690 trahi
318 2635 457 2702 abiieiqne
467 2634 496 2686 in
506 2635 622 2686 latrinas
633 2636 754 2688 omnium
763 2643 819 2689 sta·

56 2728 90 2770 m
102 2721 130 2771 st
142 2714 280 2785 immines
292 2710 446 2782 imperavit.
483 2709 627 2780 Auugsvit
636 2724 745 2781 qnoque
758 2712 819 2781 plu.
