1874 3060
285 186 400 235 urano.-
432 187 510 236 ΜΡ.
527 190 645 238 40-43.
817 191 866 241 III

66 321 161 367 sctum
171 309 253 371 dese,
267 310 473 376 pronunciavit:
494 311 704 379 consolantique
713 313 868 367 nutriculae

65 395 91 440 et
101 385 173 438 aliis
184 398 294 452 quoque
303 384 359 435 iam
373 385 544 452 principibus
554 387 658 438 similia
668 387 802 439 accidisse
812 404 867 440 me·

63 459 205 523 moranti,
222 456 255 508 Se
268 474 329 509 cero
334 467 443 525 praeter
453 468 552 511 ceteros
561 459 683 512 inaudita
694 469 721 512 et
729 459 867 529 incognita

60 530 296 601 poti,respondit,
303 531 349 598 qni
357 548 485 585 summum
494 532 632 602 imperium
641 535 712 586 aiens
723 533 866 586 auritteret.

65 609 128 662 Nec
139 622 175 661 eo
185 606 276 658 secius
287 607 435 676 quicquam
446 622 479 660 ex
490 609 687 661 cousuetudine
697 609 867 677 quusatque

65 681 197 737 desidite
208 680 302 731 omisit
310 681 355 733 vel
363 681 509 733 imminuit.
549 683 623 744 Quin
632 684 698 748 imo,
710 698 793 752 quum
803 698 867 750 pro-

64 756 146 827 speri
155 753 288 824 quiddam
298 769 332 806 ex
341 755 493 822 provinciis
507 758 665 809 nunciatum
680 763 764 821 esset,
785 771 868 823 super

66 828 337 885 abundantissimam
358 845 485 894 coenam,
504 830 641 883 iocularla
659 833 689 882 iu
704 830 868 883 defectionis

66 898 156 957 duces
166 903 299 966 cumina,
309 902 467 971 lasciueque
476 904 632 969 modulata,
644 921 715 972 quae
723 906 808 972 vulgo
817 919 867 957 no·

67 977 282 1041 memutetiam
292 978 472 1065 gesticulatus
483 984 536 1040 est;
548 994 581 1029 ac
591 979 756 1046 spectaculis
765 979 868 1031 theatri

71 1054 147 1105 aium
155 1051 262 1115 illatus,
274 1050 384 1102 cuidam
394 1052 502 1103 scenico
513 1051 634 1119 placenti
643 1053 771 1104 nuncium
782 1054 867 1115 misit,

69 1125 147 1179 aisti
155 1141 216 1177 sam
226 1124 438 1192 occupationibus
448 1124 510 1176 suis

125 1197 229 1253 XLIII.
249 1199 332 1250 initio
343 1200 436 1250 statim
450 1200 583 1252 tumultus
593 1199 680 1251 multa
690 1206 717 1252 et
726 1164 867 1264 immania,

69 1271 167 1329 vesun
176 1289 232 1325 uon
243 1271 421 1325 adhortentia
431 1288 449 1324 a
458 1289 509 1325 sua
521 1280 633 1338 natura,
654 1273 774 1326 creditur
785 1273 867 1326 desti·

71 1364 168 1403 nasse·
188 1362 362 1403 successores
372 1363 601 1414 percussoresque
612 1349 781 1400 summittere
792 1364 866 1400 exer-

73 1424 144 1477 citus
163 1427 193 1475 et
211 1421 369 1488 provincias
391 1422 562 1488 regentibus,
588 1423 669 1490 quasi
692 1423 866 1488 conspiratis,

72 1497 202 1565 idemque
212 1501 240 1548 et
248 1511 332 1547 unum
347 1496 539 1558 sentientibus3
560 1494 692 1563 quicquid
704 1496 807 1560 ubique
822 1510 867 1546 ex-

74 1572 179 1635 sulum,
189 1569 322 1637 quicquid
330 1569 360 1620 in
369 1570 442 1620 Urbe
457 1568 598 1620 hominum
609 1566 816 1619 Gallicanorum
827 1583 867 1619 es·

74 1652 126 1710 set,
143 1643 351 1706 contrucidar03
370 1643 449 1706 ilios,
468 1659 501 1694 ne
512 1642 725 1693 desciscentibus
736 1655 867 1708 aggrega·

75 1726 182 1781 rentur3
202 1716 267 1781 hos,
286 1723 319 1768 ut
332 1718 459 1768 conscios
473 1716 648 1784 popularium
662 1730 774 1766 suorum
786 1721 868 1781 atque

74 1793 213 1847 fautores:
224 1790 333 1842 Gallias
342 1791 508 1843 exercitibus
519 1789 688 1857 diripiendas
698 1789 867 1855 permittere3

76 1872 200 1921 senatum
210 1865 367 1917 uuiversum
376 1879 480 1916 veneno
492 1880 541 1932 per
551 1864 677 1915 convivia
686 1878 797 1924 necarc3
817 1863 868 1913 Ur-

75 1942 135 1995 bem
143 1939 305 2003 incendere,
319 1937 386 1990 ieris
394 1939 424 1989 in
434 1938 564 2006 populum
575 1937 718 2002 immissis,
733 1953 787 2006 quo
799 1936 868 1987 diffi-

10 2048 12 2059 ·
77 2013 369 2067 ctiiusdeienderetur.
407 2011 461 2064 Sed
472 2013 645 2076 absterritus,
665 2027 721 2064 uon
735 2018 868 2079 tampoe·

76 2089 206 2152 nitentia,
220 2102 302 2155 quam
313 2086 474 2154 perficiendi
484 2087 687 2152 desperatione,
703 2087 869 2153 credensque

10 2208 20 2219 .
77 2163 280 2231 expeditionem
288 2160 615 2223 necessariam,consules
625 2167 687 2212 ante
697 2167 804 2227 tempus
814 2161 869 2226 pri·

10 2238 12 2243 '
76 2239 151 2291 verit
170 2235 290 2300 honore,
310 2241 392 2302 atque
411 2235 442 2285 iu
454 2235 596 2302 utriusque
610 2234 701 2287 locum
716 2235 793 2285 solus
806 2233 871 2283 iniit

78 2311 260 2375 musulatum,
271 2310 353 2379 quasi
361 2308 447 2360 Intaie
457 2314 536 2374 esset,
547 2325 603 2361 uon
613 2324 695 2376 posse
706 2307 814 2358 Gallias
824 2305 869 2356 de·

10 2434 13 2451 ,
78 2386 188 2451 beiiari,
208 2385 264 2435 nisi
283 2399 301 2434 a
320 2399 351 2436 se
370 2382 491 2435 consule.
528 2383 569 2435 Ac
586 2382 720 2449 susceptis
737 2380 869 2443 fascibus,

10 2466 13 2479 '
78 2477 162 2529 quum
181 2464 247 2529 post
270 2458 366 2524 epulas
389 2457 511 2509 triclinio
535 2457 736 2525 digrederetur,
759 2453 871 2505 innixus

78 2532 198 2589 humeris
208 2532 387 2585 iansiliarium
398 2533 552 2596 affirmavit,
557 2531 674 2583 simulac
682 2530 871 2597 primumpro·

77 2611 197 2662 vindam
208 2608 354 2675 attigisset,
364 2608 494 2660 inermem
504 2618 533 2659 se
542 2608 757 2671 inconspectum
768 2600 871 2654 exerci-

78 2691 154 2741 tnurn
166 2678 356 2756 proditurum,
376 2681 587 2751 necquicquam
602 2678 680 2733 aliud
693 2692 775 2747 quam
794 2676 871 2729 tietu-
