1874 3060
108 123 158 174 248
386 125 412 170 C.
436 117 627 171 sutirum!

109 246 264 311 confessus,
289 245 427 313 exagitari
445 260 475 297 se
493 250 619 296 matema
636 241 728 312 specie
746 241 900 295 verberibus

107 322 255 373 Furiarum
276 335 309 373 ac
324 320 413 371 taedis
428 319 596 370 ardentibus.
637 317 711 379 Quin
726 323 755 369 et
767 315 845 368 iacto
858 332 901 384 per

108 411 206 463 magos
231 410 311 446 sacro
338 409 454 446 evocare
477 408 572 444 manes
592 397 620 444 et
644 404 761 444 exorare
779 394 899 443 tentavit.

107 469 334 537 Peregrinatione
350 469 460 536 quidem
476 466 623 530 Graeciae,
643 465 795 517 Eleusiniis
809 466 899 528 sactis,

109 559 225 612 quorum
240 543 399 594 initiatione
413 543 493 607 impii
503 547 531 593 et
544 540 672 592 scelerati
681 556 749 593 voce
759 540 900 606 praeconis

109 623 326 680 summoventur,
341 616 473 668 interesse
488 632 544 668 non
565 631 649 666 ausus
669 620 720 666 est.
758 614 899 682 Iunxitque

107 692 259 760 parricidio
279 692 376 742 matris
398 691 499 742 amitae
518 705 621 742 necem.
662 689 752 749 Quam
773 704 857 756 qtrrrm
871 700 900 740 ex

108 767 213 818 duritia
224 765 280 817 alvi
291 766 435 817 cubantem
445 765 584 827 visitaret,
596 769 624 815 et
632 763 683 814 illa
693 769 818 814 tractans
828 763 899 814 lanu·

107 841 199 908 ginem
213 841 286 902 eius,
301 846 333 890 ut
347 839 462 903 assolet,
477 839 534 889 iam
548 838 662 904 grandis
675 843 756 902 natu,
767 837 899 906 perblan-

108 912 274 967 diuostorte
285 913 413 979 dixisset,
426 911 511 964 Siruul
518 911 588 964 bane
599 928 735 978 exemero,
747 911 818 963 mors'
830 911 900 962 colo:

108 1003 256 1040 conversus
267 988 302 1039 ad
313 989 465 1055 proximos,
478 986 622 1039 confestim
633 1002 663 1038 se
672 987 838 1055 positurum,
848 985 900 1036 vel·

106 1069 139 1114 ut
158 1062 277 1123 irridens
301 1063 358 1125 ait3
386 1063 582 1129 praecepitque
601 1060 728 1124 medicis,
749 1067 781 1112 ut
800 1059 901 1126 largius

105 1143 257 1205 purgarent
268 1152 388 1203 aegram.
418 1135 541 1187 Necdum
552 1133 697 1186 destructae
706 1136 783 1186 bona
791 1133 900 1196 invasit,

106 1226 253 1278 suppresso
266 1216 437 1275 testamento,
448 1226 482 1262 ne
494 1210 559 1278 qnid
571 1208 738 1260 abscederet.

162 1284 277 1336 XXXV.
307 1285 413 1336 Uxores
433 1291 542 1350 praeter
562 1283 705 1334 Octaviam
720 1283 790 1334 duas
806 1287 902 1349 postea

107 1359 198 1422 duxit,
213 1358 371 1428 Poppaeam
387 1358 532 1422 Sabinam,
546 1358 705 1425 quaestorio
721 1362 800 1424 patre
809 1361 902 1407 natam

106 1438 135 1485 et
149 1433 237 1500 equiti
251 1433 377 1485 Romano
393 1439 475 1484 antea
493 1438 625 1498 nuptamr
645 1431 744 1484 deinde
765 1430 903 1483 Statiliam

105 1506 300 1572 Messalinam,
321 1508 409 1558 Tauri
423 1508 467 1558 bia
482 1506 603 1558 consulis
619 1520 653 1557 ac
665 1503 842 1571 trimnphalis
858 1504 902 1554 ab·

105 1587 224 1650 neptem.
265 1582 327 1644 Qua
335 1588 367 1633 ut
377 1583 525 1650 potiretur,
535 1581 625 1632 virum
636 1581 708 1643 eins,
719 1580 841 1631 Atticum
850 1577 901 1630 Ve-

106 1655 208 1709 stinum
224 1657 377 1720 consulem,
391 1657 421 1707 in
436 1654 541 1707 honore
550 1655 612 1723 ipso
622 1654 783 1706 trucidavit.
823 1652 902 1704 Octa·

106 1730 169 1781 viae
184 1731 408 1782 consuetudinem
425 1731 480 1781 cito
493 1735 667 1795 aspernatus,
688 1727 902 1794 corripientibus

108 1804 217 1868 amicis,
237 1803 361 1874 sufficere
374 1803 414 1854 illi
428 1805 531 1865 debere,
547 1803 703 1870 respondit,
718 1796 903 1859 udworn-

106 1887 205 1929 menta.
243 1877 366 1928 Eandem
380 1893 445 1928 mox
460 1893 542 1944 saepe
552 1877 656 1929 frustra
665 1876 841 1944 strangulare
851 1891 902 1928 me·

107 1952 225 2015 ditatus,
242 1952 348 2003 dimisit
360 1958 392 2002 ut
405 1952 525 2003 sterilem
538 1968 545 2014 ;
565 1953 613 2004 sed
627 1952 803 2018 improbante
814 1951 903 2002 divor-

106 2026 176 2076 tirms
187 2025 300 2093 populo,
312 2041 363 2077 nec
372 2033 500 2093 parcente
512 2027 653 2089 conviciis,
665 2026 749 2077 etiam
760 2025 901 2093 relegavit.

107 2099 234 2167 Denique
245 2100 348 2152 occidit
357 2102 408 2152 sub
420 2101 532 2152 crimine
544 2100 756 2165 adulteriorum,
773 2100 844 2152 adeo
854 2100 904 2151 im·

107 2174 362 2249 pudentifalsoqne‚
369 2182 400 2226 ut
408 2176 437 2226 in
443 2175 604 2242 quaestione
614 2173 830 2242 pernegantibus
842 2188 904 2226 cun-

108 2250 169 2314 ctis,
175 2249 317 2301 Anicetum
327 2250 518 2318 paedagogum
529 2266 607 2301 sunm
616 2250 736 2301 indicem
747 2248 904 2312 subiecerit,

108 2324 156 2391 qui
171 2324 237 2376 dolo
252 2331 405 2392 stupratam
420 2340 476 2376 ase
485 2323 627 2377 fateretur.
665 2323 828 2393 Poppaeam
838 2324 905 2375 dno·

108 2399 214 2450 decimo
226 2398 271 2450 die
282 2405 346 2466 post
355 2400 504 2452 divortium
516 2399 647 2451 Octaviae
657 2399 686 2449 in
696 2399 905 2451 matrimonium

108 2479 262 2540 acceptam,
283 2474 381 2525 dilexit
399 2474 488 2524 unice.
526 2472 564 2523 Et
582 2480 674 2527 tamen
687 2474 779 2540 ipsam
795 2487 904 2541 quoqne

107 2547 166 2598 ictu
180 2547 264 2598 calcis
280 2547 396 2612 occidit,
412 2546 486 2614 quod
501 2563 543 2611 se,
559 2563 593 2599 ea
603 2548 779 2615 aurigatione
788 2563 852 2600 sero
863 2562 904 2609 re·

33 2624 227 2803 wunsam,
238 2622 358 2694 gravida
373 2628 400 2675 et
413 2636 498 2692 aegra
514 2622 646 2675 conviciis
660 2623 823 2676 incesserat.
863 2619 903 2671 Er
