1874 3060
174 711 206 765 C.
227 710 426 766 sussrouu
455 712 714 776 TRANQUILLI

247 868 638 918 LIBERSEXTU&

53 1003 205 1074 nuno
246 969 552 1078 cinnomo
591 1012 833 1077 classa.

103 1318 125 1371 Ι.
142 1294 203 1375 Ex
216 1328 295 1390 gente
308 1322 435 1374 Domitia
449 1322 521 1374 duae
533 1322 657 1374 familiae
672 1321 836 1385 claruerunt,

57 1388 507 1449 cunnormnstsenobarbomm.
529 1395 687 1446 Aenobarbi
697 1400 837 1446 auctorem

57 1464 164 1534 originis
180 1470 300 1538 itemque
319 1469 490 1538 cognominis
509 1467 611 1519 habent
627 1466 661 1518 L.
670 1465 836 1519 Domitium:

57 1539 95 1589 αὖ
111 1556 176 1596 rure
190 1545 328 1611 quondam
342 1543 489 1596 revertenti
501 1543 613 1593 iuvenes
631 1540 734 1608 gemini
753 1554 837 1608 augu-

56 1612 133 1668 stiore
138 1616 273 1672 formaex
283 1634 399 1671 oomrsu
407 1618 557 1685 imperasse
566 1614 719 1677 traduntur,
725 1614 837 1665 nuncla-

55 1693 93 1738 Μ
108 1692 218 1743 smutui
236 1707 268 1744 ae
286 1693 390 1761 populo
409 1691 568 1754 victoriam,
588 1688 621 1741 de
636 1703 691 1757 qua
703 1688 837 1739 incertum

55 1759 140 1815 tdlsue
151 1771 224 1828 (παις
239 1772 321 1836 atque
334 1768 363 1819 in
378 1767 459 1818 fidem
473 1764 625 1816 maiestatis
640 1761 709 1814 adeo
720 1760 838 1830 permul-

56 1833 116 1888 sisse
132 1838 236 1904 malae,
254 1846 286 1891 nt
303 1857 318 1892 a
335 1841 415 1908 nigro
430 1840 544 1892 rutilum
560 1840 672 1908 aerique
687 1835 836 1893 assimilem

56 1911 177 1976 capillum
187 1913 341 1966 redderent.
380 1914 462 1976 Quod
472 1915 579 1982 insigne
588 1912 691 1965 mansii
704 1912 774 1965 etin
787 1927 837 1981 po·

55 1985 126 2035 seru
137 1987 355 2055 eius‚aemagua
364 2003 429 2056 pars
438 1987 523 2039 rutila
532 1989 620 2039 barba
629 1987 747 2041 fuerumt.
766 1985 837 2038 Fun·

56 2056 88 2106 eu
103 2067 196 2111 autem
211 2062 399 2113 consulatibus
413 2068 528 2129 septem,
542 2060 695 2130 triumpho,
711 2076 838 2114 oensura·

55 2143 101 2196 que
110 2133 230 2201 duplici,
245 2143 273 2185 ee
284 2136 355 2187 inter
368 2136 502 2202 patricios
516 2136 621 2201 allecti,
631 2139 841 2204 perseverarunt

56 2214 142 2258 ornnes
160 2209 192 2258 in
213 2207 309 2260 eodem
329 2210 498 2276 cognomine.
545 2211 586 2262 Ae
603 2226 637 2262 ne
660 2206 840 2277 praenomina

55 2278 158 2341 quidem
182 2280 255 2345 ulla,
273 2291 464 2352 praeterquam
479 2284 547 2336 cnei
566 2290 593 2337 et
610 2283 705 2345 Lucii,
724 2294 840 2348 usurpa·

54 2359 126 2416 rmt3
151 2369 242 2422 eaque
265 2355 327 2423 ipsa
345 2357 465 2409 notabili
483 2359 630 2422 varietue,
649 2355 733 2408 modo
754 2353 840 2405 eonti-

53 2434 165 2480 nuantes
184 2431 399 2498 unumquodque
417 2448 467 2500 per
484 2433 573 2484 trinas
592 2445 736 2498 personas,
755 2424 839 2478 modo

54 2497 219 2553 alternantes
233 2517 281 2569 per
295 2505 426 2571 singulas.
464 2505 535 2557 Nam
549 2505 667 2573 primum
681 2499 840 2555 seeundum·

52 2585 100 2639 que
121 2590 157 2626 ae
176 2576 289 2627 tertium
308 2578 533 2632 Aenobarbomm
551 2578 669 2642 Lucios,
688 2589 784 2628 rursus
799 2590 840 2627 se·

54 2654 164 2711 quenees
181 2655 239 2700 tres
259 2665 292 2702 ex
311 2652 406 2706 ordine
421 2654 510 2707 cneus
531 2652 700 2721 aceepimus3
718 2649 841 2718 reliquos

79 2738 223 2786 Sueuos,
622 2747 644 2797 p
