1822 3068
339 185 433 234 VITA
448 184 575 234 PERSH
807 185 858 238 275¹

67 309 218 361 mirabatur
227 308 331 377 scripta
339 307 447 373 Flacci,
461 308 549 360 utrix
558 309 689 361 retineret
697 325 739 375 se,
753 311 804 364 illo
815 327 857 365 re·

67 385 180 447 citante,
192 398 209 434 a
220 383 352 447 clamore,
364 384 431 452 quin
440 383 491 434 illa
501 399 560 451 esse
569 398 636 435 vera
645 391 775 453 poemata
785 386 857 438 dice

65 465 115 509 ret.
154 458 221 511 Sero
233 457 364 524 cognovit
374 464 401 509 et
412 457 555 522 Senecam,
576 458 624 509 sed
637 473 694 509 non
706 465 738 510 ut
749 475 857 526 capere·

65 534 177 583 turcius
187 532 308 598 ingenio.
346 532 418 583 Usus
432 537 474 584 est
489 532 563 599 apud
574 532 724 584 Cornutum
740 533 858 585 duorum

66 607 192 658 convictu
206 606 428 658 doctissimorum
442 612 469 657 et
479 607 715 658 sanctissimorum
724 608 857 671 virorum,

65 682 167 732 acriter
183 688 242 732 tum
261 678 529 748 philosophantium,
550 681 662 731 Claudii
674 680 857 748 Agathemeri,

64 755 166 806 medici
178 754 404 818 Lacedaemonii,
426 761 454 806 et
467 752 592 806 Petronii
605 755 783 807 Aristocratis
796 755 857 806 Ma-

64 831 166 896 gnetis,
188 845 257 898 quos
273 830 351 880 unice
366 829 482 879 miratus
496 834 539 879 est
548 835 575 881 et
586 829 751 894 aemulatus,
773 845 856 897 quum

65 904 195 972 aequales
212 911 316 968 essent,
336 910 364 955 ct
383 903 504 954 Cornuto
524 903 653 955 minores.
691 904 752 972 lpse
773 905 857 956 etiam

63 978 156 1029 decem
176 978 233 1030 lere
254 978 332 1029 annis
351 992 454 1028 summe
469 976 585 1028 dilectus
601 993 618 1028 a
631 977 717 1029 Paeto
733 976 858 1030 Thrasea

63 1058 117 1116 est,
132 1053 173 1104 ita
182 1058 214 1103 ut
224 1052 444 1120 peregrinaretur
459 1066 568 1119 quoquc
579 1066 639 1102 cum
651 1067 683 1103 eo
696 1052 856 1120 aliquando,

64 1133 209 1194 cognatam
224 1128 282 1177 eius
296 1127 403 1178 Arriam
417 1140 532 1177 uxorem
551 1123 677 1178 habente.
714 1126 781 1178 Fuit
799 1141 857 1178 mo·

62 1215 123 1252 rum
144 1200 358 1264 lenissimorum,
379 1200 559 1252 verecundiae
573 1200 729 1268 virginalis,
750 1199 856 1252 formae

61 1274 202 1342 pulchrae,
213 1275 325 1341 pietatis
336 1289 401 1341 erga
410 1281 524 1326 matrem
536 1282 563 1326 ct
572 1290 695 1327 sororem
707 1280 734 1326 et
744 1275 856 1326 amitam

63 1349 187 1417 exemplo
202 1349 371 1400 sufficientis.
409 1347 475 1398 Fuit
492 1348 566 1415 frugi
579 1355 606 1400 et
619 1349 745 1416 pudieus.
783 1348 857 1400 Reli·

63 1424 124 1491 quit
138 1424 212 1474 circa
226 1423 382 1475 sestertium
391 1422 476 1472 vicies
486 1423 568 1472 matri
577 1429 605 1473 et
619 1424 724 1485 sorori3
745 1422 856 1491 scn'ptis

62 1504 155 1549 tamen
170 1498 205 1548 ad
218 1503 333 1548 matrem
348 1495 496 1558 codicillis,
518 1496 627 1561 rogavit
641 1511 713 1559 eam,
734 1502 765 1546 ut
779 1496 858 1546 daret

64 1573 186 1623 Cornuto
198 1572 332 1634 sestertia,
342 1577 374 1620 ut
385 1567 497 1636 quidam
507 1568 614 1633 dicunt,
627 1576 746 1631 centum3
766 1575 798 1619 ut
808 1569 858 1619 alii

61 1647 172 1710 volunt,
193 1646 301 1713 argenti
314 1644 383 1695 lacti
395 1640 488 1710 pondo
503 1643 614 1709 viginti,
635 1650 662 1693 et
679 1643 767 1694 libros
783 1643 857 1693 circa

62 1721 262 1789 septingentos,
283 1718 340 1769 sive
353 1715 550 1768 bibliothecam
561 1732 638 1766 suam
650 1731 765 1768 omnem.
803 1715 857 1766 Ve-

61 1810 123 1848 rum
135 1794 271 1846 Cornutus
276 1830 285 1856 ,
306 1791 422 1842 sublatis
432 1790 525 1853 libris,
546 1791 689 1858 pecuniam
703 1789 857 1852 sororibus,

63 1884 133 1938 quas
143 1867 229 1919 frater
238 1866 351 1918 heredes
361 1866 472 1929 fecerat,
483 1864 603 1933 reliquit.
622 1865 659 1915 Et
668 1880 732 1915 raro
744 1871 771 1915 et
778 1864 857 1915 tarde

62 1941 184 2008 scripsit.
221 1941 303 1992 Hune
316 1942 406 2009 ipsum
420 1940 520 1990 librum
536 1938 723 2005 imperfectum
735 1939 856 2006 reliquit.

61 2018 167 2069 Versus
179 2012 267 2080 aliqui
276 2014 378 2081 dempti
388 2020 452 2065 sunt
460 2014 558 2065 ultimo
570 2013 647 2078 libri,
669 2020 696 2065 et
706 2015 784 2082 quasi
796 2013 856 2064 hni-

62 2099 108 2144 tus
129 2093 213 2150 esset,
233 2086 330 2137 leviter
348 2088 509 2138 retractavit
529 2089 679 2141 Cornutus:
710 2094 737 2140 ct
756 2088 855 2139 Caesio

61 2166 152 2217 Basso
172 2160 288 2230 petenti,
311 2165 343 2210 ut
360 2161 421 2228 ipse
444 2161 548 2225 ederet,
572 2163 689 2213 tradidit
712 2162 855 2214 edendum.

62 2240 219 2305 scripserat
242 2235 325 2287 etiam
345 2235 376 2285 in
398 2235 518 2302 pueritia
540 2236 657 2288 Flaccus
679 2243 854 2302 praetextam,

63 2312 193 2382 [Vescio]
215 2316 244 2362 et
258 2304 446 2373 Ὀδοιπορικῶν
464 2309 563 2360 librum
582 2326 679 2373 unium,
704 2315 732 2360 et
750 2324 855 2376 paucos

61 2388 146 2440 uxori
159 2385 300 2436 Thraseae
314 2384 344 2434 in
357 2383 464 2432 Arriam
478 2391 592 2435 matrem
606 2399 713 2446 versus,
735 2399 805 2452 quae
825 2398 854 2434 se

63 2469 127 2515 ante
145 2462 235 2513 virum
253 2458 400 2511 occiderat.
441 2457 539 2508 Omnia
559 2465 649 2509 autem
669 2472 702 2508 ea
717 2458 855 2509 Cornutus

63 2542 161 2589 auctor
174 2534 228 2587 luit
241 2534 324 2585 matri
338 2533 397 2584 eius
410 2537 443 2582 ut
456 2532 588 2584 aboleret.
626 2530 738 2582 Editum
753 2532 855 2582 librum

63 2612 193 2665 continuo
205 2609 301 2660 mirari
309 2606 435 2674 homines
446 2612 474 2658 et
484 2607 602 2675 diripere
612 2612 769 2672 coeperunt.
799 2604 854 2657 De·

63 2686 146 2740 cessit
156 2689 246 2737 autem
256 2683 325 2735 vitio
337 2678 481 2745 stomachi,
493 2696 565 2733 anno
577 2680 675 2732 aetatis
685 2678 812 2732 xxvlss.
