1822 3068
109 206 159 256 24⁰
390 208 417 254 C.
440 204 626 254 sumum!

108 330 247 395 riiariam,
261 329 397 399 Olympiis
410 345 475 381 vero
491 330 574 381 etiam
586 328 789 397 decemiugem3
807 346 881 401 quam

109 407 152 457 vis
161 406 191 457 id
204 406 294 472 ipsum
304 406 334 456 in
342 420 407 472 rege
416 401 579 455 Mithridate
589 404 711 456 carmine
721 404 835 473 quodam
843 420 880 456 soc

110 477 338 549 reprehendisset.
378 478 432 530 Sed
443 493 573 530 excussas
584 494 666 529 curru
677 494 710 530 ac
718 494 812 531 nnsus
820 494 880 548 repo·

110 556 192 619 siun,
213 569 295 622 quum
306 554 455 622 perdurare
464 568 520 605 non
534 559 641 620 posset,
663 552 771 606 destitit
784 552 879 606 caude

110 644 238 691 cursum;
256 644 344 696 neque
360 644 392 679 eo
407 628 497 679 secius
512 634 660 679 coronatus
671 633 722 679 est.
761 626 880 681 neceam

110 704 208 756 deinde
221 702 392 771 provinciam
405 702 561 754 universam
576 702 705 755 libertate
719 703 840 768 donavit,
855 700 880 753 d·

109 778 220 845 mulque
232 778 337 828 iudices
352 778 463 829 civitate
477 777 604 828 Romana
621 782 650 828 et
662 779 781 845 pecnnia
793 774 879 847 pandi

111 853 188 915 Quae
203 852 336 903 beneficia
350 867 365 902 e
379 851 470 903 medio
486 852 577 904 stadio
593 850 771 905 Isthmiorum
788 852 830 905 dic
845 862 880 902 m

109 927 456 995 ipsevocepronuuciavit.

165 1000 253 1053 XXV.
273 1000 407 1053 Reversus
418 1018 433 1052 e
444 1000 563 1052 Graecia
574 999 711 1068 Neapolis
717 1040 725 1067 ,
743 1002 816 1071 quod
826 1002 881 1052 ns

109 1077 227 1144 primum
248 1082 333 1127 artem
353 1075 518 1144 protulerat,
534 1075 605 1127 albis
620 1076 699 1145 equis
711 1076 829 1141 introiit,
842 1072 881 1125 dlo-

109 1153 183 1203 iectu
201 1157 280 1218 parte
298 1151 382 1215 muri,
402 1156 433 1201 ut
445 1166 506 1202 mos
521 1149 726 1203 hieronicarum
741 1158 799 1204 est:
817 1144 881 1202 unii

110 1226 194 1277 modo
208 1225 331 1289 Antium,
346 1224 411 1275 inde
421 1225 569 1290 Albanum,
583 1226 648 1278 inde
663 1226 798 1278 Romam:
816 1222 881 1277 sedet

109 1299 226 1351 Romam
237 1314 270 1351 eo
282 1314 375 1364 curru,
387 1315 442 1368 quo
452 1301 590 1367 Angustus
601 1300 667 1352 olim
677 1299 880 1369 dampnaverat,

110 1375 259 1426 etinveste
268 1390 418 1443 purpurea,
435 1375 618 1443 distinctaque
628 1376 718 1427 stellis
728 1377 816 1429 aureis
826 1372 880 1427 alls

108 1449 203 1517 myde,
216 1464 400 1517 coronamque
411 1451 501 1518 capite
515 1464 611 1517 gerens
622 1450 824 1519 Olympiacam,
833 1448 880 1501 aa·

108 1537 153 1576 tra
163 1540 247 1576 manu
255 1522 398 1593 Pythiam,
410 1531 557 1591 praeeunte
566 1541 669 1593 pompa
680 1532 827 1579 ceterarum
835 1534 880 1575 ea!

109 1599 208 1666 titulis,
218 1600 275 1664 ubi,
287 1605 315 1651 et
324 1615 403 1668 quos,
411 1615 464 1668 quo
477 1600 634 1651 cantionum
646 1616 736 1668 quove
746 1599 879 1653 fabulata!

110 1681 270 1742 argumento
284 1675 415 1726 vicisset:
435 1674 611 1741 sequentibus
631 1690 742 1726 crurum
763 1672 878 1727 orandun

108 1750 166 1801 ritu
179 1750 369 1817 plausoribus,
384 1748 582 1817 Augustianos,
597 1749 755 1819 militesque
769 1748 878 1802 secane

108 1823 157 1894 phi
167 1826 238 1888 eius,
250 1824 463 1875 clamitantibus.
502 1821 616 1888 Dehinc,
629 1823 722 1877 diruto
734 1824 806 1877 Circi
814 1818 878 1875 mul·

108 1900 147 1951 mi
162 1915 240 1964 arcu,
256 1914 305 1966 per
313 1898 462 1950 Velabrum
478 1898 623 1965 forumque
633 1897 773 1951 Palatium
783 1890 877 1965 etipd

107 1973 192 2025 linem
211 1974 299 2042 petiit.
349 1972 489 2039 Incedenti
512 1974 615 2042 passim
637 1974 769 2026 victimae
791 1982 876 2029 cam,

109 2060 207 2116 sparso
222 2063 271 2114 per
284 2046 345 2098 vias
359 2047 509 2100 identidem
524 2062 619 2112 croco,
633 2049 812 2118 ingestaeque
823 2056 875 2103 ewa

109 2138 143 2174 ac
152 2122 289 2187 lemnisci,
301 2128 328 2174 et
337 2123 462 2175 bellaria.
488 2123 587 2176 Sacrae
598 2118 718 2175 coronas
727 2125 757 2175 in
768 2116 875 2175 motula

109 2199 211 2249 circum
221 2190 307 2250 lectos
317 2199 423 2267 posuitr
442 2199 508 2249 item
519 2204 625 2249 statuas
635 2190 875 2257 comminuetis

108 2272 223 2337 habitn;
248 2284 303 2342 qua
322 2279 389 2324 nota
409 2274 492 2323 etiam
510 2288 649 2324 nummum
669 2273 812 2340 percussit
848 2265 875 2316 dl

107 2354 172 2416 post
190 2346 259 2399 haec
276 2353 382 2399 tantum
403 2347 492 2399 abfuit
511 2362 528 2397 a
546 2347 711 2399 remittendo
726 2344 875 2408 laxandoqat

109 2423 215 2488 studio,
227 2430 269 2487 ut,
282 2421 485 2474 conservandae
494 2423 572 2473 vocis
586 2422 690 2489 gratia,
701 2438 789 2491 neque
797 2416 875 2473 milii?¹

108 2512 241 2567 unquam,
261 2497 317 2548 nisi
331 2497 441 2562 absens,
463 2503 511 2548 aut
525 2497 581 2548 alio
592 2497 677 2548 verba
687 2495 873 2565 pronunciante,

108 2572 277 2641 appellaret3
307 2587 394 2639 acque
419 2572 564 2641 quicquam
589 2572 662 2623 serio
682 2572 782 2624 iocovo
798 2562 873 2637 egedb

106 2648 162 2697 nisi
172 2653 279 2698 astante
289 2645 439 2716 phonasco,
447 2647 494 2714 qui
503 2653 634 2711 moneret,
645 2652 772 2714 parceret
780 2636 873 2697 areth

101 2720 291 2777 acsndorinnr
306 2721 343 2775 ad
353 2736 385 2775 os
400 2722 571 2793 applicaret3
589 2720 790 2794 multisquevel
802 2708 872 2769 aalide
910 2712 911 2737 ¹
