1822 3068
84 330 119 383 ⁷6
364 335 390 379 G.
413 331 602 381 summi

86 455 292 524 septemdecim,
313 470 346 507 ac
358 456 436 507 vous
449 456 607 508 immensae.
647 452 743 515 Quodn

84 531 205 582 muneris
215 530 260 582 die
265 528 431 581 Parthorum
442 529 562 592 obsides,
571 533 639 579 tunc
647 528 743 595 primm

84 620 135 672 per
144 619 255 657 arenam
265 604 383 656 mediam
395 604 430 655 ad
444 602 630 671 spectaculum
644 602 742 653 induxi

85 693 137 746 que
152 694 181 730 se
195 677 327 730 subsellio
342 679 462 729 secundo
474 677 631 729 collocavit.
672 676 743 728 Solel

85 753 155 803 citra
165 752 384 820 spectaculorum
396 752 467 816 dies,
482 751 628 818 siquando
640 750 708 817 qnid
717 751 743 800 in

84 827 250 893 Quumque
261 826 373 893 cognitu
383 825 525 877 advectum
535 830 615 887 esset,
626 824 656 874 id
667 830 743 876 extra

85 899 209 968 quolibet
223 900 286 951 loco
301 900 456 966 publicare:
479 905 511 950 ut
523 897 727 951 rhinocerotem

83 980 144 1043 pta3
163 974 296 1040 tigrimin
311 989 406 1035 scena;
427 987 541 1040 anguem
557 973 743 1040 quinquagint

83 1063 143 1099 rum
164 1063 215 1115 pro
237 1048 359 1099 comitio.
397 1047 506 1098 Accidit
523 1047 626 1099 votivis
641 1047 743 1098 circem

84 1127 226 1189 correptus
235 1121 405 1186 valetudine,
420 1121 519 1173 lectica
530 1121 645 1184 cubam,
660 1126 743 1173 tensa

83 1201 138 1247 ret:
158 1211 253 1247 mrsus
264 1196 458 1248 commissione
468 1195 610 1259 ludorum,
632 1197 743 1262 quibus

83 1269 211 1322 Marcelli
221 1270 380 1334 dedicabat,
402 1270 504 1334 evenit,
524 1269 668 1321 utlaxatis
680 1269 743 1320 sella

85 1345 264 1412 compagibus
275 1344 386 1396 caderet
394 1344 517 1411 supinus.
547 1343 686 1411 Nepotum
696 1359 743 1411 qut

83 1434 144 1468 rum
153 1434 278 1483 munere,
294 1434 376 1486 quum
387 1423 591 1470 consternatum
600 1418 698 1469 ruinae
709 1433 743 1469 nu

83 1492 140 1543 lum
150 1493 268 1543 retinere
278 1497 306 1544 et
315 1493 478 1544 confirmare
487 1492 564 1543 nullo
575 1491 659 1544 modo
671 1506 743 1559 possi

82 1567 117 1616 iit
127 1582 142 1617 c
151 1564 214 1617 loco
226 1572 376 1634 suo,atque
385 1567 415 1618 iu
425 1582 459 1618 ea
468 1572 547 1633 parte
559 1567 693 1631 consedit,
705 1581 740 1634 qu

84 1641 334 1693 ctamaximeerat.

138 1712 238 1766 XLIV.
263 1714 413 1782 Spectandi
436 1713 659 1767 confusissimum
685 1731 718 1767 ac
741 1738 743 1765 l

83 1804 158 1840 mum
176 1805 280 1841 morem
301 1789 420 1841 correxit
440 1789 644 1856 ordinavitque,
665 1795 743 1842 motu

84 1864 230 1928 senatoris,
236 1879 315 1931 quem
326 1861 450 1915 Puteolis
460 1877 510 1930 per
520 1863 714 1916 celeberrimos
723 1864 743 1914 11

84 1954 163 1989 sessu
180 1937 319 2004 frequenti
337 1952 418 1989 nemo
438 1943 588 2005 receperat.
626 1937 715 1989 Facto
734 1939 745 1989 i

85 2017 159 2062 creto
174 2017 296 2078 patrum,
316 2016 359 2077 ut,
381 2013 490 2080 quoties
505 2012 572 2078 quid
592 2013 743 2079 spectaculi

84 2084 194 2153 publice
205 2085 342 2149 ederetur,
363 2086 467 2153 primus
482 2086 678 2137 subselliorum
689 2087 743 2139 ord*

85 2159 273 2221 senatoribus3
292 2158 398 2211 Romae
408 2160 515 2228 legatos
525 2160 675 2211 liberarum
686 2163 743 2214 soci

83 2232 204 2301 gentium
220 2233 308 2285 voterit
320 2234 349 2284 in
365 2232 507 2286 orchestra
522 2235 678 2300 considere,
700 2252 743 2304 qur

84 2308 148 2359 dam
168 2308 251 2359 etiam
271 2307 394 2359 libertini
416 2308 524 2376 generis
548 2308 622 2359 mitti
646 2309 743 2377 depreb

83 2382 201 2434 Militem
212 2382 329 2434 secrevit
338 2398 355 2433 a
364 2381 478 2450 populo.
512 2382 624 2434 Meritis
635 2399 650 2435 c
660 2384 740 2451 plebe

85 2457 196 2511 ordines
215 2457 379 2523 assignarit:
407 2457 587 2525 praetextatis
606 2473 743 2510 cuneumi

83 2534 240 2600 proximum
250 2530 434 2598 paedagogis:
454 2531 613 2599 sanxitque,
634 2533 743 2600 nequis

83 2606 250 2660 rummedia
263 2618 349 2656 cavea
362 2604 478 2658 sederet.
514 2605 638 2657 Feminis
656 2622 692 2659 ne
710 2607 743 2675 gl:

83 2680 202 2748 quidem,
212 2694 283 2749 quos
291 2679 449 2746 promiscue
458 2678 580 2748 spectari
588 2679 723 2734 sollemne
734 2697 743 2733 ι

82 2751 546 2823 nislsxsup'criorelocospectare
556 2755 703 2807 macessit.
741 2782 743 2793 ι

80 2824 194 2894 ginibus
212 2824 374 2880 Vestalibus
393 2827 486 2880 locum
504 2828 535 2878 in
548 2824 664 2881 'theatro
685 2844 743 2899 sept
