1874 3060
181 222 463 273 VESPASIANUS.
499 225 693 272 cauo—1⁵.
783 223 833 277 309

32 348 188 400 salutantes
212 347 366 411 scrutandi,
390 352 517 398 manente
543 345 632 398 adhuc
650 347 724 421 bello
746 350 831 414 civili,

32 423 174 475 omberat.

86 495 163 548 xm.
184 495 341 547 Amicorum
355 495 523 559 libertatem,
544 495 748 548 causidicorum
762 498 830 565 ligu-

30 586 89 636 ros,
111 585 146 622 ac
155 567 384 637 pbilosophorum
396 569 596 620 contumaciam
606 569 746 622 lenissime
755 572 828 623 tulit.

31 644 171 697 Licinium
181 643 354 708 Mucianum,
374 649 457 695 notae
465 644 670 712 impudicitiae,
691 645 740 696 sed
749 647 829 697 meri-

31 726 124 772 torum
139 718 242 769 fiducia
256 719 346 768 nrinus
362 718 406 768 sul
420 725 599 784 reverentem,
620 734 760 786 nimquam
774 720 830 771 nisi

33 793 104 846 clam
114 799 143 845 et
152 791 285 844 haetenus
296 798 422 845 retaxare
433 792 572 858 sustinuit,
582 799 615 845 ut
625 794 698 860 apud
709 808 830 846 commus

31 883 92 920 uem
113 867 234 935 aliquem
254 868 371 918 amicum
386 881 513 934 querens,
535 867 648 920 adderet
664 867 829 921 clausulam:

32 941 94 1011 Ego
110 950 199 994 tumen
212 940 253 992 cir
267 957 332 992 mvn.
372 940 494 992 Salvium
512 939 669 995 Liberalem
688 944 718 994 in
738 943 831 996 delen·

32 1017 111 1068 done
122 1015 218 1067 divitis
227 1015 269 1066 rei
279 1030 375 1066 ausum
386 1014 490 1077 dicere,
508 1013 580 1077 Quid
588 1016 625 1066 ad
634 1015 787 1081 Caesarem,
808 1018 832 1070 si

32 1088 206 1158 Hipparchus
215 1088 363 1141 sestertium
374 1087 466 1140 traillies
476 1086 571 1140 balet?
590 1090 686 1158 etipse
695 1091 830 1143 laudavit.

32 1163 205 1218 Demetrium
225 1164 371 1231 Cynicum,
395 1164 424 1214 in
443 1163 542 1215 itinero
563 1164 673 1216 obvium
693 1165 748 1217 sibi
767 1170 832 1234 post

34 1238 252 1302 damnationem,
274 1253 307 1289 ac
321 1252 409 1306 neque
420 1252 562 1306 assurgere
572 1255 659 1308 neque
670 1241 791 1292 salutare
801 1257 831 1292 se

34 1313 207 1382 dignantem,
220 1312 403 1364 oblatrantem
414 1313 497 1364 etiam
507 1314 601 1367 nescio
614 1314 693 1381 qnid,
708 1316 777 1367 satis
787 1331 819 1368 ca

34 1404 94 1441 aem
104 1386 203 1439 babuit
213 1386 361 1455 appellare.

90 1461 167 1513 xlv.
189 1458 362 1513 Offensarum
376 1460 638 1528 inimicitiarumque
652 1463 764 1516 minime
777 1480 833 1515 me·

35 1552 98 1590 mor
112 1541 303 1600 exsecutorve‚
323 1534 432 1587 Vitellii
446 1533 535 1587 bostis
554 1536 598 1585 sui
612 1535 697 1586 liliam
713 1537 833 1603 splendi-

35 1611 151 1663 dissime
169 1610 323 1674 maritavit,
349 1609 509 1676 dotavitque
534 1609 616 1660 etiam
642 1615 670 1660 et
692 1610 833 1662 instruxit.

36 1684 188 1754 'l'repidum
200 1700 261 1736 eum
271 1683 419 1735 interdic-tu
430 1683 495 1734 aula
504 1683 555 1733 sub
566 1681 689 1747 Nerone,
701 1699 832 1752 quaeren-

35 1768 159 1829 temque,
180 1758 311 1826 quidnam
323 1763 416 1824 ageret
427 1764 475 1808 aut
484 1772 539 1826 quo
556 1757 656 1821 abiret,
677 1758 788 1826 quidam
800 1774 834 1811 ex

37 1834 131 1886 officio
143 1832 321 1885 admissionis
331 1833 414 1883 sunni
423 1830 570 1900 expellens,
582 1830 656 1882 obire
666 1829 834 1884 Morbouiam

35 1909 166 1960 iusserat.
204 1907 235 1958 ln
249 1905 322 1958 hunc
339 1912 437 1974 postea
456 1906 646 1974 deprecantem
667 1904 741 1960 haud
759 1907 835 1960 ultra

34 1982 120 2035 verba
131 1981 286 2046 excanduit,
293 1987 321 2032 et
331 1981 439 2048 quidem
449 1980 627 2033 totidemfere
637 1987 718 2052 atque
728 1984 834 2036 eadem.

36 2056 122 2121 Nam,
143 2061 177 2107 ut
195 2056 352 2123 suspicione
373 2054 467 2122 aliqua
484 2055 529 2107 rel
547 2063 623 2108 metu
636 2057 672 2108 ad
685 2059 834 2127 perniciem

38 2132 202 2199 cuiusquam
213 2130 431 2198 compelleretur,
442 2135 548 2181 tanturn
560 2129 639 2196 alsait,
649 2138 689 2197 ut,
700 2134 834 2185 monenti-

37 2205 89 2258 bus
108 2204 206 2256 amieis
227 2204 376 2256 cavendum
396 2218 455 2255 esse
473 2203 588 2256 Matium
608 2205 834 2273 Pomponianum,

38 2280 113 2346 quod
123 2274 208 2346 vulgo
220 2278 376 2331 crederetur
385 2278 497 2344 genesin
507 2277 608 2331 habere
617 2280 834 2345 imperatoriam,

37 2354 152 2421 insuper
161 2352 301 2405 consulem
311 2352 420 2416 feeerit,
441 2353 592 2421 spondens,
614 2352 834 2420 quandoquebe·

38 2428 132 2480 nelioii
141 2443 289 2479 memorem
299 2426 430 2479 futurum.

91 2501 156 2554 XV.
175 2501 240 2554 Non
253 2509 355 2553 temere
370 2502 432 2569 quis
447 2503 559 2569 punitus
574 2501 669 2551 insons
689 2500 833 2567 reperitur,

36 2576 93 2629 uisi
104 2578 218 2629 absente
228 2592 260 2627 eo
273 2582 300 2627 et
309 2577 421 2643 ignaro,
443 2582 491 2627 aut
505 2580 578 2626 certe
593 2574 680 2625 invito
697 2580 778 2642 atque
789 2573 835 2626 de·

38 2648 129 2721 cepto.
168 2649 300 2702 Helvidio
310 2649 421 2714 Prisco,
442 2651 490 2719 qnl
504 2662 642 2702 reversum
653 2662 687 2700 ex
697 2647 834 2717 Syriaso·

39 2725 82 2781 lus
102 2727 215 2797 privato
229 2725 341 2778 nomine
360 2723 550 2793 Vespasianum
564 2721 752 2788 salutauerat„
767 2729 797 2775 et
807 2724 839 2773 iu
