1822 3068
90 199 141 252 3⁴4
369 198 398 245 0.
422 198 609 248 sunonis

90 326 120 376 in
135 323 225 385 meh,
235 323 282 373 sed
294 319 588 373 litterctcrminrcrile'
601 320 790 383 redituram
805 314 861 388 pusi
910 356 911 362 ,

91 396 299 468 nonperfectum
307 395 411 458 litteris,
422 396 468 446 sed
475 395 614 447 intirim

147 469 262 523 Veteres
274 467 667 537 grammaticietrhetoricam
681 469 827 530 docebant3
838 479 862 516 sc
900 483 910 515 ι

93 546 243 598 multorum
253 543 287 595 de
295 550 413 610 utraque
423 549 483 595 arte
493 545 688 596 commentarii
696 543 824 596 feruutur
832 554 861 591 se
902 554 909 565 “

94 620 212 671 cundum
236 633 318 685 quam
342 617 566 669 consuetudinem
591 619 762 684 posteriores
778 627 906 686 quw

93 694 235 756 existimo,
255 707 419 760 quamquam
437 692 495 742 iam
514 691 642 745 dismetis
662 690 865 759 professionibus
907 713 911 728 τ

93 766 272 819 nihilominus
290 765 335 817 vel
357 766 503 817 retinuisse
523 765 568 818 rel
589 767 746 818 instituisse
764 772 791 817 et
807 764 866 832 hm

95 841 230 910 quaedam
239 854 340 906 genera
349 839 554 892 institutionum
565 839 601 891 ud
616 840 801 908 eloquentiam
807 851 867 907 pm·
902 878 905 883 ·

95 912 255 982 parandam,
265 919 297 963 ut
306 913 487 980 problemata,
498 912 688 982 paraphrasis,
700 914 866 971 alloustiomt

95 987 260 1054 ethologias,
281 994 363 1056 atque
383 987 441 1039 alia
458 985 513 1040 hoc
530 1003 625 1055 genus,
645 1004 682 1040 ne
702 989 805 1040 scilicet
818 982 868 1037 ried

98 1063 209 1114 omnino
230 1068 313 1128 atque
333 1062 405 1112 aridi
424 1062 504 1129 pueri
522 1060 683 1114 rhetoribus
703 1062 867 1115 unimur:

97 1152 168 1205 qnae
178 1135 288 1203 quidem
298 1136 388 1187 emitti
399 1137 456 1189 iam
465 1135 547 1187 rideo
559 1136 670 1188 desidia
684 1134 869 1205 quarendus

96 1211 234 1271 iniantia3
263 1224 319 1260 non
338 1210 411 1261 enim
429 1209 545 1261 fastidio
564 1216 670 1277 putem.
718 1210 765 1262 hle
783 1206 870 1277 qm‘du
907 1262 910 1267 ,

98 1282 316 1346 adolescentulo,
327 1290 435 1350 repeto,
446 1283 596 1353 quendam,
606 1283 766 1352 Principem
774 1280 869 1341 nolint,

99 1357 213 1408 alternis
228 1355 324 1407 diebus
339 1357 506 1422 declamare,
526 1357 641 1409 alternis
656 1359 809 1427 disputare,
819 1367 870 1407 reu·

98 1431 181 1482 nullis
195 1445 260 1482 vero
276 1446 355 1483 mane
369 1431 516 1497 disserere,
534 1438 600 1499 port
614 1433 771 1497 meridiem,
786 1432 870 1484 renuit

98 1505 221 1573 pulpito,
232 1504 386 1557 declamare
400 1505 522 1557 solitum.
560 1506 717 1558 dudicham
729 1507 820 1569 etiem,
829 1514 870 1555 n·

97 1580 315 1646 moriapatrum
335 1579 469 1648 quosdam
487 1596 503 1631 e
521 1582 698 1647 grammatici
715 1581 806 1633 statim
821 1574 870 1629 luit

98 1655 231 1705 memisse
244 1654 274 1704 iu
288 1652 391 1718 lorum,
408 1660 489 1721 atque
499 1654 528 1705 in
538 1669 683 1706 numerum
693 1648 872 1722 penestarum*

100 1743 206 1780 morum
217 1733 396 1794 patronorum
406 1734 540 1794 receptos.

156 1802 234 1853 Glari
246 1801 430 1870 professores,
446 1808 473 1853 et
486 1802 520 1854 de
535 1802 635 1871 quibus
650 1803 736 1872 prodi
748 1796 873 1872 possitu-

101 1875 167 1943 quid
178 1877 321 1927 dumtaxat
331 1892 348 1926 a
357 1876 447 1940 nobis,
458 1875 515 1927 fere
525 1874 555 1926 hi
563 1875 685 1928 luerunt.

155 1948 190 2000 V.
212 1949 336 2001 Ssuvrus
356 1950 489 2002 Nrcsnoa
507 1951 612 2015 primus
631 1951 787 2003 adsumam
800 1949 873 2014 digne

100 2025 257 2089 tionemque
273 2023 396 2076 docendo
411 2025 552 2090 pervenit:
571 2023 694 2092 iecitque
704 2031 874 2092 praeteream

100 2096 250 2148 mentatios
252 2112 381 2164 ‚quorum
392 2105 483 2150 tamen
492 2113 557 2164 pars
567 2100 692 2150 maxima
700 2092 874 2178 interceptsti

101 2173 184 2235 citur,
196 2171 309 2221 safiram
325 2188 452 2241 quoque3
471 2174 501 2223 in
512 2187 566 2238 qna
579 2172 741 2226 libertinum
756 2189 785 2226 se
794 2164 876 2239 dupio

102 2246 264 2313 cognomine
275 2261 333 2298 esse
337 2263 405 2314 ,per
415 2245 468 2298 hoc
477 2246 601 2298 indicat·

140 2319 247 2371 Saenius
257 2318 387 2381 Nicanor,
399 2317 490 2372 Marci
498 2319 616 2384 Ιίὑοναιι,
629 2323 761 2391 negabit:

140 2393 247 2445 Saenius
257 2392 445 2446 Postumianae
461 2395 522 2445 iteen
531 2412 545 2457 ;
564 2397 611 2447 sed
620 2391 734 2449 Marcus
745 2394 846 2449 docelt'l·

103 2467 172 2518 Sunt
182 2469 229 2536 qui
238 2468 361 2533 tradant,
374 2469 412 2520 ob
419 2467 564 2521 infamiam
575 2471 717 2536 quandam
728 2488 791 2524 cum
798 2472 825 2523 in
834 2466 879 2520 su·

103 2542 206 2591 diniam
217 2543 371 2605 secessisse,
380 2544 474 2611 ibique
485 2543 557 2596 diem
569 2546 673 2597 obisse.

157 2614 205 2665 Vl.
224 2615 371 2666 Aunnnms
384 2617 511 2683 Omeros,
522 2618 654 2685 Epicurei
666 2622 812 2674 cuiusdam
819 2617 880 2670 iihei-

97 2695 143 2742 tus
146 2729 155 2757 ,
171 2687 381 2762 philosophiam
393 2691 605 2761 primo,deinde
614 2692 803 2763 rhetoricam,
811 2690 881 2747 noth·
