<?xml version="1.0" encoding="UTF-8"?>
<!DOCTYPE html PUBLIC "-//W3C//DTD XHTML 1.0 Transitional//EN"
    "http://www.w3.org/TR/xhtml1/DTD/xhtml1-transitional.dtd">
<html xmlns="http://www.w3.org/1999/xhtml" xml:lang="en" lang="en">
 <head>
  <title>
</title>
<meta http-equiv="Content-Type" content="text/html;charset=utf-8" />
  <meta name='ocr-system' content='tesseract 3.04.00' />
  <meta name='ocr-capabilities' content='ocr_page ocr_carea ocr_par ocr_line ocrx_word'/>
</head>
<body>
  <div class='ocr_page' id='page_1' title='image "./csuetoniitranqu00trangoog_0317.png"; bbox 0 0 1874 3060; ppageno 0'>
   <div class='ocr_carea' id='block_1_1' title="bbox 77 172 707 227">
    <p class='ocr_par' dir='ltr' id='par_1_1' title="bbox 77 172 707 227">
     <span class='ocr_line' id='line_1_1' title="bbox 77 172 707 227; baseline -0.011 0"><span class='ocrx_word' id='word_1_1' title='bbox 77 172 129 227; x_wconf 68' lang='grc' dir='ltr'><strong>3θῖ</strong></span> <span class='ocrx_word' id='word_1_2' title='bbox 240 209 243 215; x_wconf 88' lang='lat'>·</span> <span class='ocrx_word' id='word_1_3' title='bbox 357 174 384 223; x_wconf 77' lang='lat' dir='ltr'><strong>C.</strong></span> <span class='ocrx_word' id='word_1_4' title='bbox 407 173 597 224; x_wconf 74' lang='lat' dir='ltr'><strong>sulinortu</strong></span> <span class='ocrx_word' id='word_1_5' title='bbox 698 174 707 212; x_wconf 73' lang='grc' dir='ltr'><strong>ι’</strong></span> 
     </span>
    </p>
   </div>
   <div class='ocr_carea' id='block_1_2' title="bbox 69 295 791 2583">
    <p class='ocr_par' dir='ltr' id='par_1_2' title="bbox 69 295 791 2583">
     <span class='ocr_line' id='line_1_2' title="bbox 77 295 791 366; baseline -0.003 -15"><span class='ocrx_word' id='word_1_6' title='bbox 77 299 186 352; x_wconf 85' lang='lat' dir='ltr'><strong>initium</strong></span> <span class='ocrx_word' id='word_1_7' title='bbox 198 298 252 350; x_wconf 88' lang='lat' dir='ltr'><strong>sibi</strong></span> <span class='ocrx_word' id='word_1_8' title='bbox 262 297 374 366; x_wconf 84' lang='lat' dir='ltr'><strong>suisque</strong></span> <span class='ocrx_word' id='word_1_9' title='bbox 383 297 526 350; x_wconf 72' lang='lat' dir='ltr'><strong>felicitatis</strong></span> <span class='ocrx_word' id='word_1_10' title='bbox 536 295 757 360; x_wconf 74' lang='lat' dir='ltr'><strong>futurum,simul</strong></span> <span class='ocrx_word' id='word_1_11' title='bbox 766 310 791 349; x_wconf 80' lang='grc' dir='ltr'><strong>ιι</strong></span> 
     </span>
     <span class='ocr_line' id='line_1_3' title="bbox 78 372 791 439; baseline -0.007 -14"><span class='ocrx_word' id='word_1_12' title='bbox 78 374 185 426; x_wconf 82' lang='lat' dir='ltr'><strong>Neroni</strong></span> <span class='ocrx_word' id='word_1_13' title='bbox 204 379 345 439; x_wconf 83' lang='lat' dir='ltr'><strong>exemptus</strong></span> <span class='ocrx_word' id='word_1_14' title='bbox 358 379 444 425; x_wconf 81' lang='lat' dir='ltr'><strong>esset:</strong></span> <span class='ocrx_word' id='word_1_15' title='bbox 469 372 624 438; x_wconf 79' lang='lat' dir='ltr'><strong>evenitque,</strong></span> <span class='ocrx_word' id='word_1_16' title='bbox 643 376 677 422; x_wconf 88' lang='lat' dir='ltr'><strong>ut</strong></span> <span class='ocrx_word' id='word_1_17' title='bbox 689 384 791 438; x_wconf 78' lang='lat' dir='ltr'>sequen</span> 
     </span>
     <span class='ocr_line' id='line_1_4' title="bbox 76 445 791 516; baseline -0.003 -18"><span class='ocrx_word' id='word_1_18' title='bbox 76 461 241 516; x_wconf 84' lang='lat' dir='ltr'><strong>progressus</strong></span> <span class='ocrx_word' id='word_1_19' title='bbox 254 446 284 497; x_wconf 91' lang='lat' dir='ltr'><strong>in</strong></span> <span class='ocrx_word' id='word_1_20' title='bbox 299 448 399 499; x_wconf 86' lang='lat' dir='ltr'><strong>atrium</strong></span> <span class='ocrx_word' id='word_1_21' title='bbox 414 446 536 497; x_wconf 88' lang='lat' dir='ltr'><strong>medicus</strong></span> <span class='ocrx_word' id='word_1_22' title='bbox 550 445 657 496; x_wconf 81' lang='lat' dir='ltr'><strong>dentem</strong></span> <span class='ocrx_word' id='word_1_23' title='bbox 676 445 704 496; x_wconf 91' lang='lat' dir='ltr'><strong>ei</strong></span> <span class='ocrx_word' id='word_1_24' title='bbox 718 450 791 497; x_wconf 83' lang='lat' dir='ltr'><strong>oster</strong></span> 
     </span>
     <span class='ocr_line' id='line_1_5' title="bbox 77 518 791 588; baseline -0.006 -15"><span class='ocrx_word' id='word_1_25' title='bbox 77 527 183 573; x_wconf 88' lang='lat' dir='ltr'><strong>tantum</strong></span> <span class='ocrx_word' id='word_1_26' title='bbox 194 520 268 588; x_wconf 91' lang='lat' dir='ltr'><strong>qnod</strong></span> <span class='ocrx_word' id='word_1_27' title='bbox 279 527 441 588; x_wconf 86' lang='lat' dir='ltr'><strong>exemptum.</strong></span> <span class='ocrx_word' id='word_1_28' title='bbox 470 519 549 588; x_wconf 78' lang='lat' dir='ltr'><strong>Apud</strong></span> <span class='ocrx_word' id='word_1_29' title='bbox 558 518 689 571; x_wconf 86' lang='lat' dir='ltr'><strong>iudaeam</strong></span> <span class='ocrx_word' id='word_1_30' title='bbox 700 519 791 570; x_wconf 84' lang='lat' dir='ltr'><strong>Carrm</strong></span> 
     </span>
     <span class='ocr_line' id='line_1_6' title="bbox 79 593 791 647; baseline -0.004 0"><span class='ocrx_word' id='word_1_31' title='bbox 79 594 221 647; x_wconf 85' lang='lat' dir='ltr'><strong>oraculum</strong></span> <span class='ocrx_word' id='word_1_32' title='bbox 242 594 428 647; x_wconf 77' lang='lat' dir='ltr'><strong>consulentem</strong></span> <span class='ocrx_word' id='word_1_33' title='bbox 445 595 486 645; x_wconf 84' lang='lat' dir='ltr'><strong>ita</strong></span> <span class='ocrx_word' id='word_1_34' title='bbox 500 593 696 645; x_wconf 81' lang='lat' dir='ltr'><strong>confirmavere</strong></span> <span class='ocrx_word' id='word_1_35' title='bbox 711 598 791 644; x_wconf 78' lang='lat' dir='ltr'><strong>sorta</strong></span> 
     </span>
     <span class='ocr_line' id='line_1_7' title="bbox 77 667 791 738; baseline -0.003 -18"><span class='ocrx_word' id='word_1_36' title='bbox 77 668 210 738; x_wconf 88' lang='lat' dir='ltr'><strong>quicquid</strong></span> <span class='ocrx_word' id='word_1_37' title='bbox 234 669 369 735; x_wconf 79' lang='lat' dir='ltr'><strong>cogitaret</strong></span> <span class='ocrx_word' id='word_1_38' title='bbox 391 667 566 734; x_wconf 84' lang='lat' dir='ltr'><strong>volveretque</strong></span> <span class='ocrx_word' id='word_1_39' title='bbox 590 668 697 731; x_wconf 85' lang='lat' dir='ltr'><strong>animo,</strong></span> <span class='ocrx_word' id='word_1_40' title='bbox 723 681 791 735; x_wconf 81' lang='lat' dir='ltr'><strong>quar</strong></span> 
     </span>
     <span class='ocr_line' id='line_1_8' title="bbox 78 740 790 810; baseline -0.003 -16"><span class='ocrx_word' id='word_1_41' title='bbox 78 758 220 810; x_wconf 82' lang='lat' dir='ltr'><strong>magnum,</strong></span> <span class='ocrx_word' id='word_1_42' title='bbox 243 742 272 792; x_wconf 90' lang='lat' dir='ltr'><strong>id</strong></span> <span class='ocrx_word' id='word_1_43' title='bbox 294 757 353 793; x_wconf 86' lang='lat' dir='ltr'><strong>esse</strong></span> <span class='ocrx_word' id='word_1_44' title='bbox 372 748 567 810; x_wconf 88' lang='lat' dir='ltr'><strong>proventurum</strong></span> <span class='ocrx_word' id='word_1_45' title='bbox 589 740 790 808; x_wconf 80' lang='lat' dir='ltr'><strong>pollicerentur</strong></span> 
     </span>
     <span class='ocr_line' id='line_1_9' title="bbox 77 813 791 883; baseline -0.003 -15"><span class='ocrx_word' id='word_1_46' title='bbox 77 831 148 868; x_wconf 83' lang='lat' dir='ltr'><strong>unus</strong></span> <span class='ocrx_word' id='word_1_47' title='bbox 159 831 192 868; x_wconf 83' lang='lat' dir='ltr'><strong>ex</strong></span> <span class='ocrx_word' id='word_1_48' title='bbox 200 815 342 867; x_wconf 82' lang='lat' dir='ltr'><strong>nobilibus</strong></span> <span class='ocrx_word' id='word_1_49' title='bbox 352 817 469 882; x_wconf 81' lang='lat' dir='ltr'><strong>captivis</strong></span> <span class='ocrx_word' id='word_1_50' title='bbox 478 813 619 881; x_wconf 87' lang='lat' dir='ltr'><strong>losephns,</strong></span> <span class='ocrx_word' id='word_1_51' title='bbox 630 830 714 883; x_wconf 87' lang='lat' dir='ltr'><strong>quum</strong></span> <span class='ocrx_word' id='word_1_52' title='bbox 726 815 791 866; x_wconf 90' lang='lat' dir='ltr'><strong>coni</strong></span> 
     </span>
     <span class='ocr_line' id='line_1_10' title="bbox 77 887 789 954; baseline 0 -13"><span class='ocrx_word' id='word_1_53' title='bbox 77 897 124 941; x_wconf 88' lang='lat' dir='ltr'><strong>tur</strong></span> <span class='ocrx_word' id='word_1_54' title='bbox 132 891 162 941; x_wconf 91' lang='lat' dir='ltr'><strong>in</strong></span> <span class='ocrx_word' id='word_1_55' title='bbox 171 888 290 954; x_wconf 69' lang='lat' dir='ltr'><strong>vincula,</strong></span> <span class='ocrx_word' id='word_1_56' title='bbox 301 890 523 941; x_wconf 80' lang='lat' dir='ltr'><strong>constantissime</strong></span> <span class='ocrx_word' id='word_1_57' title='bbox 533 889 714 953; x_wconf 86' lang='lat' dir='ltr'><strong>asseveravit,</strong></span> <span class='ocrx_word' id='word_1_58' title='bbox 726 887 789 941; x_wconf 81' lang='lat' dir='ltr'><strong>fore</strong></span> 
     </span>
     <span class='ocr_line' id='line_1_11' title="bbox 79 962 789 1030; baseline -0.001 -14"><span class='ocrx_word' id='word_1_59' title='bbox 79 964 175 1016; x_wconf 86' lang='lat' dir='ltr'><strong>eodem</strong></span> <span class='ocrx_word' id='word_1_60' title='bbox 184 963 262 1015; x_wconf 85' lang='lat' dir='ltr'><strong>bre&#39;vi</strong></span> <span class='ocrx_word' id='word_1_61' title='bbox 271 962 431 1028; x_wconf 87' lang='lat' dir='ltr'><strong>solveretur,</strong></span> <span class='ocrx_word' id='word_1_62' title='bbox 441 979 534 1015; x_wconf 81' lang='lat' dir='ltr'><strong>verum</strong></span> <span class='ocrx_word' id='word_1_63' title='bbox 544 964 601 1015; x_wconf 91' lang='lat' dir='ltr'><strong>iam</strong></span> <span class='ocrx_word' id='word_1_64' title='bbox 610 964 789 1030; x_wconf 80' lang='lat' dir='ltr'><strong>imperatore.</strong></span> 
     </span>
     <span class='ocr_line' id='line_1_12' title="bbox 78 1036 791 1106; baseline -0.003 -16"><span class='ocrx_word' id='word_1_65' title='bbox 78 1038 224 1090; x_wconf 71' lang='lat' dir='ltr'><strong>dabantur</strong></span> <span class='ocrx_word' id='word_1_66' title='bbox 234 1042 304 1089; x_wconf 83' lang='lat' dir='ltr'><strong>etex</strong></span> <span class='ocrx_word' id='word_1_67' title='bbox 314 1038 387 1089; x_wconf 86' lang='lat' dir='ltr'><strong>Urbe</strong></span> <span class='ocrx_word' id='word_1_68' title='bbox 397 1038 556 1106; x_wconf 74' lang='lat' dir='ltr'><strong>praesagia,</strong></span> <span class='ocrx_word' id='word_1_69' title='bbox 576 1036 714 1089; x_wconf 87' lang='lat' dir='ltr'><strong>Neronem</strong></span> <span class='ocrx_word' id='word_1_70' title='bbox 725 1037 791 1088; x_wconf 91' lang='lat' dir='ltr'><strong>dieb</strong></span> 
     </span>
     <span class='ocr_line' id='line_1_13' title="bbox 77 1110 791 1179; baseline 0 -17"><span class='ocrx_word' id='word_1_71' title='bbox 77 1113 153 1162; x_wconf 79' lang='lat' dir='ltr'><strong>timis</strong></span> <span class='ocrx_word' id='word_1_72' title='bbox 163 1112 297 1163; x_wconf 88' lang='lat' dir='ltr'><strong>monitum</strong></span> <span class='ocrx_word' id='word_1_73' title='bbox 311 1126 361 1179; x_wconf 89' lang='lat' dir='ltr'><strong>per</strong></span> <span class='ocrx_word' id='word_1_74' title='bbox 373 1113 504 1179; x_wconf 86' lang='lat' dir='ltr'><strong>quietem,</strong></span> <span class='ocrx_word' id='word_1_75' title='bbox 524 1118 557 1162; x_wconf 90' lang='lat' dir='ltr'><strong>ut</strong></span> <span class='ocrx_word' id='word_1_76' title='bbox 568 1117 673 1163; x_wconf 82' lang='lat' dir='ltr'><strong>tenram</strong></span> <span class='ocrx_word' id='word_1_77' title='bbox 684 1110 760 1163; x_wconf 77' lang='lat' dir='ltr'><strong>lovis</strong></span> <span class='ocrx_word' id='word_1_78' title='bbox 771 1111 791 1162; x_wconf 82' lang='lat' dir='ltr'><strong>t]</strong></span> 
     </span>
     <span class='ocr_line' id='line_1_14' title="bbox 78 1185 791 1253; baseline 0.003 -18"><span class='ocrx_word' id='word_1_79' title='bbox 78 1186 196 1236; x_wconf 84' lang='lat' dir='ltr'><strong>Maximi</strong></span> <span class='ocrx_word' id='word_1_80' title='bbox 205 1201 220 1237; x_wconf 90' lang='lat' dir='ltr'><strong>e</strong></span> <span class='ocrx_word' id='word_1_81' title='bbox 230 1186 353 1237; x_wconf 86' lang='lat' dir='ltr'><strong>sacrario</strong></span> <span class='ocrx_word' id='word_1_82' title='bbox 363 1185 393 1236; x_wconf 89' lang='lat' dir='ltr'><strong>in</strong></span> <span class='ocrx_word' id='word_1_83' title='bbox 403 1185 514 1236; x_wconf 91' lang='lat' dir='ltr'><strong>domum</strong></span> <span class='ocrx_word' id='word_1_84' title='bbox 524 1185 704 1253; x_wconf 74' lang='lat' dir='ltr'><strong>Vespasiani,</strong></span> <span class='ocrx_word' id='word_1_85' title='bbox 726 1191 754 1237; x_wconf 90' lang='lat' dir='ltr'><strong>et</strong></span> <span class='ocrx_word' id='word_1_86' title='bbox 767 1186 791 1237; x_wconf 84' lang='lat' dir='ltr'><strong>it</strong></span> 
     </span>
     <span class='ocr_line' id='line_1_15' title="bbox 79 1259 791 1328; baseline 0.004 -19"><span class='ocrx_word' id='word_1_87' title='bbox 79 1259 188 1310; x_wconf 84' lang='lat' dir='ltr'><strong>Circum</strong></span> <span class='ocrx_word' id='word_1_88' title='bbox 207 1259 366 1310; x_wconf 84' lang='lat' dir='ltr'><strong>deduceret:</strong></span> <span class='ocrx_word' id='word_1_89' title='bbox 387 1273 420 1311; x_wconf 85' lang='lat' dir='ltr'><strong>ac</strong></span> <span class='ocrx_word' id='word_1_90' title='bbox 433 1274 489 1311; x_wconf 91' lang='lat' dir='ltr'><strong>non</strong></span> <span class='ocrx_word' id='word_1_91' title='bbox 504 1259 590 1311; x_wconf 88' lang='lat' dir='ltr'><strong>multo</strong></span> <span class='ocrx_word' id='word_1_92' title='bbox 605 1265 681 1328; x_wconf 89' lang='lat' dir='ltr'><strong>post,</strong></span> <span class='ocrx_word' id='word_1_93' title='bbox 703 1259 791 1312; x_wconf 90' lang='lat' dir='ltr'><strong>comit</strong></span> 
     </span>
     <span class='ocr_line' id='line_1_16' title="bbox 79 1332 791 1398; baseline 0 -14"><span class='ocrx_word' id='word_1_94' title='bbox 79 1332 162 1384; x_wconf 86' lang='lat' dir='ltr'><strong>cundi</strong></span> <span class='ocrx_word' id='word_1_95' title='bbox 176 1332 335 1384; x_wconf 80' lang='lat' dir='ltr'><strong>consulatus</strong></span> <span class='ocrx_word' id='word_1_96' title='bbox 349 1332 460 1385; x_wconf 86' lang='lat' dir='ltr'><strong>ineunte</strong></span> <span class='ocrx_word' id='word_1_97' title='bbox 474 1332 578 1398; x_wconf 81' lang='lat' dir='ltr'><strong>Galba,</strong></span> <span class='ocrx_word' id='word_1_98' title='bbox 598 1339 718 1385; x_wconf 70' lang='lat' dir='ltr'><strong>ammam</strong></span> <span class='ocrx_word' id='word_1_99' title='bbox 733 1333 791 1386; x_wconf 78' lang='lat' dir='ltr'><strong>Div</strong></span> 
     </span>
     <span class='ocr_line' id='line_1_17' title="bbox 78 1405 790 1475; baseline 0.004 -18"><span class='ocrx_word' id='word_1_100' title='bbox 78 1405 257 1458; x_wconf 78' lang='lat' dir='ltr'><strong>adorientem</strong></span> <span class='ocrx_word' id='word_1_101' title='bbox 268 1412 366 1473; x_wconf 82' lang='lat' dir='ltr'><strong>sponte</strong></span> <span class='ocrx_word' id='word_1_102' title='bbox 376 1408 548 1458; x_wconf 71' lang='lat' dir='ltr'><strong>camertem:</strong></span> <span class='ocrx_word' id='word_1_103' title='bbox 568 1408 681 1475; x_wconf 85' lang='lat' dir='ltr'><strong>acieque</strong></span> <span class='ocrx_word' id='word_1_104' title='bbox 691 1407 790 1460; x_wconf 81' lang='lat' dir='ltr'><strong>Betria</strong></span> 
     </span>
     <span class='ocr_line' id='line_1_18' title="bbox 77 1480 791 1550; baseline 0.007 -20"><span class='ocrx_word' id='word_1_105' title='bbox 77 1480 154 1550; x_wconf 84' lang='lat' dir='ltr'><strong>prius</strong></span> <span class='ocrx_word' id='word_1_106' title='bbox 165 1495 247 1548; x_wconf 83' lang='lat' dir='ltr'><strong>quam</strong></span> <span class='ocrx_word' id='word_1_107' title='bbox 258 1481 479 1546; x_wconf 69' lang='lat' dir='ltr'><strong>committerem,</strong></span> <span class='ocrx_word' id='word_1_108' title='bbox 486 1481 555 1533; x_wconf 84' lang='lat' dir='ltr'><strong>dnus</strong></span> <span class='ocrx_word' id='word_1_109' title='bbox 565 1482 674 1550; x_wconf 76' lang='lat' dir='ltr'><strong>aquilas</strong></span> <span class='ocrx_word' id='word_1_110' title='bbox 684 1483 714 1534; x_wconf 93' lang='lat' dir='ltr'><strong>iu</strong></span> <span class='ocrx_word' id='word_1_111' title='bbox 725 1498 791 1535; x_wconf 83' lang='lat' dir='ltr'><strong>conr</strong></span> 
     </span>
     <span class='ocr_line' id='line_1_19' title="bbox 78 1554 791 1624; baseline 0.006 -19"><span class='ocrx_word' id='word_1_112' title='bbox 78 1555 200 1606; x_wconf 87' lang='lat' dir='ltr'><strong>omnium</strong></span> <span class='ocrx_word' id='word_1_113' title='bbox 220 1554 391 1618; x_wconf 79' lang='lat' dir='ltr'><strong>conflixiss03</strong></span> <span class='ocrx_word' id='word_1_114' title='bbox 419 1556 547 1624; x_wconf 82' lang='lat' dir='ltr'><strong>victaque</strong></span> <span class='ocrx_word' id='word_1_115' title='bbox 561 1555 661 1621; x_wconf 83' lang='lat' dir='ltr'><strong>altera,</strong></span> <span class='ocrx_word' id='word_1_116' title='bbox 681 1572 791 1624; x_wconf 72' lang='lat' dir='ltr'><strong>ruperat</strong></span> 
     </span>
     <span class='ocr_line' id='line_1_20' title="bbox 77 1629 733 1698; baseline 0.006 -19"><span class='ocrx_word' id='word_1_117' title='bbox 77 1629 187 1680; x_wconf 88' lang='lat' dir='ltr'><strong>tertiam</strong></span> <span class='ocrx_word' id='word_1_118' title='bbox 199 1629 233 1681; x_wconf 89' lang='lat' dir='ltr'><strong>ab</strong></span> <span class='ocrx_word' id='word_1_119' title='bbox 243 1629 312 1681; x_wconf 89' lang='lat' dir='ltr'><strong>solis</strong></span> <span class='ocrx_word' id='word_1_120' title='bbox 323 1635 394 1694; x_wconf 84' lang='lat' dir='ltr'><strong>artu,</strong></span> <span class='ocrx_word' id='word_1_121' title='bbox 406 1643 439 1682; x_wconf 85' lang='lat' dir='ltr'><strong>ac</strong></span> <span class='ocrx_word' id='word_1_122' title='bbox 447 1629 587 1681; x_wconf 79' lang='lat' dir='ltr'><strong>victricem</strong></span> <span class='ocrx_word' id='word_1_123' title='bbox 597 1631 733 1698; x_wconf 79' lang='lat' dir='ltr'><strong>abegisse.</strong></span> 
     </span>
     <span class='ocr_line' id='line_1_21' title="bbox 133 1701 791 1773; baseline 0.006 -19"><span class='ocrx_word' id='word_1_124' title='bbox 133 1701 181 1754; x_wconf 84' lang='lat' dir='ltr'><strong>Vl.</strong></span> <span class='ocrx_word' id='word_1_125' title='bbox 192 1703 250 1755; x_wconf 91' lang='lat' dir='ltr'><strong>Nec</strong></span> <span class='ocrx_word' id='word_1_126' title='bbox 259 1710 351 1755; x_wconf 86' lang='lat' dir='ltr'><strong>tamen</strong></span> <span class='ocrx_word' id='word_1_127' title='bbox 361 1704 508 1771; x_wconf 85' lang='lat' dir='ltr'><strong>quicquam</strong></span> <span class='ocrx_word' id='word_1_128' title='bbox 519 1710 581 1756; x_wconf 85' lang='lat' dir='ltr'><strong>aute</strong></span> <span class='ocrx_word' id='word_1_129' title='bbox 590 1706 715 1770; x_wconf 81' lang='lat' dir='ltr'><strong>tentavit,</strong></span> <span class='ocrx_word' id='word_1_130' title='bbox 725 1720 791 1773; x_wconf 88' lang='lat' dir='ltr'><strong>pror</strong></span> 
     </span>
     <span class='ocr_line' id='line_1_22' title="bbox 79 1776 791 1846; baseline 0.006 -19"><span class='ocrx_word' id='word_1_131' title='bbox 79 1776 156 1828; x_wconf 85' lang='lat' dir='ltr'><strong>simis</strong></span> <span class='ocrx_word' id='word_1_132' title='bbox 167 1782 249 1845; x_wconf 84' lang='lat' dir='ltr'><strong>atque</strong></span> <span class='ocrx_word' id='word_1_133' title='bbox 259 1778 343 1829; x_wconf 90' lang='lat' dir='ltr'><strong>etiam</strong></span> <span class='ocrx_word' id='word_1_134' title='bbox 352 1778 519 1829; x_wconf 81' lang='lat' dir='ltr'><strong>instantibus</strong></span> <span class='ocrx_word' id='word_1_135' title='bbox 530 1779 601 1842; x_wconf 89' lang='lat' dir='ltr'><strong>suis,</strong></span> <span class='ocrx_word' id='word_1_136' title='bbox 612 1793 695 1846; x_wconf 84' lang='lat' dir='ltr'><strong>quam</strong></span> <span class='ocrx_word' id='word_1_137' title='bbox 706 1780 791 1832; x_wconf 80' lang='lat' dir='ltr'><strong>soille</strong></span> 
     </span>
     <span class='ocr_line' id='line_1_23' title="bbox 79 1850 791 1918; baseline 0.007 -17"><span class='ocrx_word' id='word_1_138' title='bbox 79 1850 250 1918; x_wconf 86' lang='lat' dir='ltr'><strong>quorundam</strong></span> <span class='ocrx_word' id='word_1_139' title='bbox 267 1857 294 1903; x_wconf 94' lang='lat' dir='ltr'><strong>et</strong></span> <span class='ocrx_word' id='word_1_140' title='bbox 307 1852 464 1918; x_wconf 81' lang='lat' dir='ltr'><strong>ignotarum</strong></span> <span class='ocrx_word' id='word_1_141' title='bbox 480 1857 507 1903; x_wconf 88' lang='lat' dir='ltr'><strong>et</strong></span> <span class='ocrx_word' id='word_1_142' title='bbox 522 1853 675 1903; x_wconf 85' lang='lat' dir='ltr'><strong>absentium</strong></span> <span class='ocrx_word' id='word_1_143' title='bbox 694 1852 791 1906; x_wconf 67' lang='lat' dir='ltr'><strong>fumuit</strong></span> 
     </span>
     <span class='ocr_line' id='line_1_24' title="bbox 78 1924 791 1995; baseline 0.007 -20"><span class='ocrx_word' id='word_1_144' title='bbox 78 1939 154 1976; x_wconf 82' lang='lat' dir='ltr'><strong>vare.</strong></span> <span class='ocrx_word' id='word_1_145' title='bbox 192 1924 329 1976; x_wconf 84' lang='lat' dir='ltr'><strong>Moesiaci</strong></span> <span class='ocrx_word' id='word_1_146' title='bbox 342 1926 478 1977; x_wconf 83' lang='lat' dir='ltr'><strong>exercitus</strong></span> <span class='ocrx_word' id='word_1_147' title='bbox 497 1927 564 1976; x_wconf 90' lang='lat' dir='ltr'><strong>bina</strong></span> <span class='ocrx_word' id='word_1_148' title='bbox 584 1927 702 1978; x_wconf 81' lang='lat' dir='ltr'><strong>atribus</strong></span> <span class='ocrx_word' id='word_1_149' title='bbox 715 1928 791 1995; x_wconf 69' lang='lat' dir='ltr'><strong>legio</strong></span> 
     </span>
     <span class='ocr_line' id='line_1_25' title="bbox 78 1997 791 2070; baseline 0.007 -22"><span class='ocrx_word' id='word_1_150' title='bbox 78 1997 175 2060; x_wconf 90' lang='lat' dir='ltr'><strong>millia,</strong></span> <span class='ocrx_word' id='word_1_151' title='bbox 185 1998 272 2048; x_wconf 87' lang='lat' dir='ltr'><strong>missa</strong></span> <span class='ocrx_word' id='word_1_152' title='bbox 282 1998 386 2051; x_wconf 83' lang='lat' dir='ltr'><strong>anxilio</strong></span> <span class='ocrx_word' id='word_1_153' title='bbox 399 1997 510 2064; x_wconf 87' lang='lat' dir='ltr'><strong>Othoni,</strong></span> <span class='ocrx_word' id='word_1_154' title='bbox 521 2006 668 2068; x_wconf 82' lang='lat' dir='ltr'><strong>postquam</strong></span> <span class='ocrx_word' id='word_1_155' title='bbox 676 2001 732 2053; x_wconf 89' lang='lat' dir='ltr'><strong>iter</strong></span> <span class='ocrx_word' id='word_1_156' title='bbox 739 2003 791 2070; x_wconf 76' lang='lat' dir='ltr'><strong>ing</strong></span> 
     </span>
     <span class='ocr_line' id='line_1_26' title="bbox 69 2071 791 2138; baseline 0.004 -13"><span class='ocrx_word' id='word_1_157' title='bbox 69 2071 236 2125; x_wconf 74' lang='lat' dir='ltr'><strong>‚nrrnciatum</strong></span> <span class='ocrx_word' id='word_1_158' title='bbox 247 2077 300 2137; x_wconf 86' lang='lat' dir='ltr'><strong>est,</strong></span> <span class='ocrx_word' id='word_1_159' title='bbox 320 2073 422 2124; x_wconf 83' lang='lat' dir='ltr'><strong>victum</strong></span> <span class='ocrx_word' id='word_1_160' title='bbox 437 2089 510 2138; x_wconf 88' lang='lat' dir='ltr'><strong>enm,</strong></span> <span class='ocrx_word' id='word_1_161' title='bbox 532 2075 629 2125; x_wconf 72' lang='lat' dir='ltr'><strong>actim</strong></span> <span class='ocrx_word' id='word_1_162' title='bbox 639 2075 714 2127; x_wconf 85' lang='lat' dir='ltr'><strong>vitae</strong></span> <span class='ocrx_word' id='word_1_163' title='bbox 724 2091 791 2129; x_wconf 84' lang='lat' dir='ltr'><strong>suae</strong></span> 
     </span>
     <span class='ocr_line' id='line_1_27' title="bbox 78 2143 791 2216; baseline 0.008 -20"><span class='ocrx_word' id='word_1_164' title='bbox 78 2144 153 2209; x_wconf 87' lang='lat' dir='ltr'><strong>lisse,</strong></span> <span class='ocrx_word' id='word_1_165' title='bbox 163 2143 251 2197; x_wconf 87' lang='lat' dir='ltr'><strong>nihilo</strong></span> <span class='ocrx_word' id='word_1_166' title='bbox 262 2148 352 2198; x_wconf 84' lang='lat' dir='ltr'><strong>secius</strong></span> <span class='ocrx_word' id='word_1_167' title='bbox 360 2146 515 2214; x_wconf 78' lang='lat' dir='ltr'><strong>Aquileiam</strong></span> <span class='ocrx_word' id='word_1_168' title='bbox 523 2163 611 2216; x_wconf 88' lang='lat' dir='ltr'><strong>usqne</strong></span> <span class='ocrx_word' id='word_1_169' title='bbox 621 2163 791 2215; x_wconf 79' lang='lat' dir='ltr'><strong>perseveram</strong></span> 
     </span>
     <span class='ocr_line' id='line_1_28' title="bbox 80 2220 791 2291; baseline 0.011 -22"><span class='ocrx_word' id='word_1_170' title='bbox 80 2220 160 2287; x_wconf 88' lang='lat' dir='ltr'><strong>quasi</strong></span> <span class='ocrx_word' id='word_1_171' title='bbox 174 2221 280 2272; x_wconf 88' lang='lat' dir='ltr'><strong>rumori</strong></span> <span class='ocrx_word' id='word_1_172' title='bbox 293 2222 383 2272; x_wconf 77' lang='lat' dir='ltr'><strong>asinus</strong></span> <span class='ocrx_word' id='word_1_173' title='bbox 397 2222 547 2273; x_wconf 88' lang='lat' dir='ltr'><strong>crederent.</strong></span> <span class='ocrx_word' id='word_1_174' title='bbox 585 2222 629 2274; x_wconf 79' lang='lat' dir='ltr'><strong>ibi</strong></span> <span class='ocrx_word' id='word_1_175' title='bbox 637 2238 689 2291; x_wconf 91' lang='lat' dir='ltr'><strong>per</strong></span> <span class='ocrx_word' id='word_1_176' title='bbox 698 2225 791 2277; x_wconf 84' lang='lat' dir='ltr'><strong>occasi</strong></span> 
     </span>
     <span class='ocr_line' id='line_1_29' title="bbox 80 2293 775 2365; baseline 0.009 -21"><span class='ocrx_word' id='word_1_177' title='bbox 80 2308 113 2344; x_wconf 88' lang='lat' dir='ltr'><strong>ac</strong></span> <span class='ocrx_word' id='word_1_178' title='bbox 122 2293 261 2345; x_wconf 86' lang='lat' dir='ltr'><strong>licentiam</strong></span> <span class='ocrx_word' id='word_1_179' title='bbox 273 2296 348 2347; x_wconf 86' lang='lat' dir='ltr'><strong>omni</strong></span> <span class='ocrx_word' id='word_1_180' title='bbox 357 2296 515 2363; x_wconf 85' lang='lat' dir='ltr'><strong>rapinarum</strong></span> <span class='ocrx_word' id='word_1_181' title='bbox 526 2311 624 2365; x_wconf 85' lang='lat' dir='ltr'><strong>genere</strong></span> <span class='ocrx_word' id='word_1_182' title='bbox 639 2300 775 2364; x_wconf 83' lang='lat' dir='ltr'><strong>grassati,</strong></span> 
     </span>
     <span class='ocr_line' id='line_1_30' title="bbox 79 2368 791 2436; baseline 0.01 -18"><span class='ocrx_word' id='word_1_183' title='bbox 79 2368 214 2431; x_wconf 88' lang='lat' dir='ltr'><strong>timerent,</strong></span> <span class='ocrx_word' id='word_1_184' title='bbox 224 2384 259 2419; x_wconf 88' lang='lat' dir='ltr'><strong>ne</strong></span> <span class='ocrx_word' id='word_1_185' title='bbox 269 2370 323 2420; x_wconf 87' lang='lat' dir='ltr'><strong>sibi</strong></span> <span class='ocrx_word' id='word_1_186' title='bbox 333 2371 449 2436; x_wconf 73' lang='lat' dir='ltr'><strong>reversis</strong></span> <span class='ocrx_word' id='word_1_187' title='bbox 459 2370 598 2422; x_wconf 91' lang='lat' dir='ltr'><strong>reddenda</strong></span> <span class='ocrx_word' id='word_1_188' title='bbox 607 2372 681 2423; x_wconf 90' lang='lat' dir='ltr'><strong>ratio</strong></span> <span class='ocrx_word' id='word_1_189' title='bbox 689 2388 722 2423; x_wconf 86' lang='lat' dir='ltr'><strong>ac</strong></span> <span class='ocrx_word' id='word_1_190' title='bbox 731 2374 791 2425; x_wconf 76' lang='lat' dir='ltr'><strong>subt</strong></span> 
     </span>
     <span class='ocr_line' id='line_1_31' title="bbox 79 2443 791 2513; baseline 0.011 -22"><span class='ocrx_word' id='word_1_191' title='bbox 79 2456 169 2506; x_wconf 91' lang='lat' dir='ltr'><strong>poena</strong></span> <span class='ocrx_word' id='word_1_192' title='bbox 180 2449 264 2506; x_wconf 86' lang='lat' dir='ltr'><strong>esset,</strong></span> <span class='ocrx_word' id='word_1_193' title='bbox 285 2443 430 2496; x_wconf 87' lang='lat' dir='ltr'><strong>consilinm</strong></span> <span class='ocrx_word' id='word_1_194' title='bbox 444 2444 565 2495; x_wconf 81' lang='lat' dir='ltr'><strong>inierunt</strong></span> <span class='ocrx_word' id='word_1_195' title='bbox 578 2445 698 2513; x_wconf 82' lang='lat' dir='ltr'><strong>eligendi</strong></span> <span class='ocrx_word' id='word_1_196' title='bbox 709 2462 791 2499; x_wconf 76' lang='lat' dir='ltr'><strong>crem</strong></span> 
     </span>
     <span class='ocr_line' id='line_1_32' title="bbox 80 2515 791 2583; baseline 0.008 -17"><span class='ocrx_word' id='word_1_197' title='bbox 80 2516 268 2583; x_wconf 81' lang='lat' dir='ltr'><strong>imperatoris:</strong></span> <span class='ocrx_word' id='word_1_198' title='bbox 289 2515 379 2583; x_wconf 79' lang='lat' dir='ltr'><strong>Neque</strong></span> <span class='ocrx_word' id='word_1_199' title='bbox 399 2517 468 2568; x_wconf 74' lang='lat' dir='ltr'><strong>caim</strong></span> <span class='ocrx_word' id='word_1_200' title='bbox 483 2518 693 2571; x_wconf 71' lang='lat' dir='ltr'><strong>deteriorantes</strong></span> <span class='ocrx_word' id='word_1_201' title='bbox 712 2521 791 2575; x_wconf 73' lang='lat' dir='ltr'><strong>auti</strong></span> 
     </span>
    </p>
   </div>
   <div class='ocr_carea' id='block_1_3' title="bbox 67 2589 787 2741">
    <p class='ocr_par' dir='ltr' id='par_1_3' title="bbox 67 2589 787 2741">
     <span class='ocr_line' id='line_1_33' title="bbox 78 2589 787 2663; baseline 0.011 -23"><span class='ocrx_word' id='word_1_202' title='bbox 78 2589 165 2640; x_wconf 77' lang='lat' dir='ltr'><strong>nicasi</strong></span> <span class='ocrx_word' id='word_1_203' title='bbox 174 2590 298 2653; x_wconf 74' lang='lat' dir='ltr'><strong>exercito,</strong></span> <span class='ocrx_word' id='word_1_204' title='bbox 311 2591 482 2657; x_wconf 77' lang='lat' dir='ltr'><strong>quiGalbam,</strong></span> <span class='ocrx_word' id='word_1_205' title='bbox 489 2602 536 2642; x_wconf 78' lang='lat' dir='ltr'><strong>nui</strong></span> <span class='ocrx_word' id='word_1_206' title='bbox 543 2593 726 2660; x_wconf 71' lang='lat' dir='ltr'><strong>praetoriano,</strong></span> <span class='ocrx_word' id='word_1_207' title='bbox 738 2595 787 2663; x_wconf 71' lang='lat' dir='ltr'><strong>qui</strong></span> 
     </span>
     <span class='ocr_line' id='line_1_34' title="bbox 67 2664 777 2741; baseline 0.008 -25"><span class='ocrx_word' id='word_1_208' title='bbox 67 2680 139 2730; x_wconf 83' lang='lat' dir='ltr'><strong>nem,</strong></span> <span class='ocrx_word' id='word_1_209' title='bbox 153 2674 204 2721; x_wconf 81' lang='lat' dir='ltr'><strong>aut</strong></span> <span class='ocrx_word' id='word_1_210' title='bbox 215 2664 431 2732; x_wconf 70' lang='lat' dir='ltr'><strong>Gnmaaicicno,</strong></span> <span class='ocrx_word' id='word_1_211' title='bbox 441 2664 488 2735; x_wconf 77' lang='lat' dir='ltr'><strong>qai</strong></span> <span class='ocrx_word' id='word_1_212' title='bbox 501 2665 777 2741; x_wconf 74' lang='lat' dir='ltr'><strong>Vitelliumsecs&#39;uert.</strong></span> 
     </span>
    </p>
   </div>
   <div class='ocr_carea' id='block_1_4' title="bbox 0 0 943 3060">
    <p class='ocr_par' dir='ltr' id='par_1_4' title="bbox 0 0 943 3060">
     <span class='ocr_line' id='line_1_35' title="bbox 0 0 943 3060; baseline 0 0"><span class='ocrx_word' id='word_1_213' title='bbox 0 0 943 3060; x_wconf 95' lang='lat' dir='ltr'><strong> </strong></span> 
     </span>
    </p>
   </div>
  </div>
 </body>
</html>
