1822 3068
105 110 155 161 216
304 127 306 131 ·
379 113 406 158 C.
432 110 624 159 SUETONH

106 234 251 289 confossus
271 240 325 287 est:
356 233 468 293 Silanus
488 235 619 289 abdicare
638 252 669 289 se
687 241 812 305 praetura
826 240 874 287 snb

106 316 233 378 quartum
250 309 391 362 Kalendas
409 310 565 375 lanuarias,
585 311 711 380 morique
733 311 810 363 initio
826 309 876 363 susi

106 392 232 449 coactus,
254 386 298 436 die
312 386 374 451 ipso
387 384 497 436 claudii
510 391 539 437 et
551 386 720 455 Agrippinae
731 386 874 453 nupsisses

103 460 136 511 ln
156 461 275 528 quinque
289 464 317 511 et
328 459 444 527 triginta
462 465 615 524 senatores,
634 466 821 529 trecentosque
831 475 872 511 sn

105 535 177 604 plius
188 534 293 603 equites
302 533 451 598 Romanos,
462 540 540 585 teuta
549 534 685 588 facilitate
696 534 873 598 animadvertit

104 616 148 673 ut,
169 609 203 662 de
215 624 281 661 nece
292 607 446 660 consularis
460 609 513 662 viri
531 610 709 663 renunciante
728 610 873 673 commisse.

97 683 208 754 factum
220 699 286 745 esse,
308 682 378 748 quod
393 681 558 750 imperasset,
579 691 693 752 negaret
706 685 873 753 quicqum

103 760 262 825 imperasse,
272 756 359 808 nihilo
371 757 528 810 minuerem
539 760 745 826 comprobaret;
759 760 873 811 affirmas·

103 834 178 883 tibus
188 831 307 895 libertis,
328 832 420 883 officio
432 832 533 883 milites
543 831 665 897 iunctos,
681 832 873 900 quodaduitio·
907 890 910 895 ,

103 922 164 956 nem
184 906 359 973 imperatoris
381 907 456 959 ultro
479 908 690 973 procurrissent.
731 907 802 959 Nam
821 902 874 959 itini

105 996 211 1032 onmem
222 980 303 1031 fidem
313 982 473 1045 excesserit,
488 981 563 1048 quod
573 982 690 1048 nuptiis,
702 998 772 1051 quas
780 978 874 1035 Menai

103 1055 161 1106 lina
175 1071 236 1107 cum
250 1054 376 1106 adultero
391 1054 461 1108 Silio
480 1054 596 1119 fecerat,
615 1056 736 1108 tabellas
750 1057 820 1109 dotis
829 1056 874 1121 ipss

104 1129 320 1197 consignaverit3
339 1129 481 1194 inductus,
502 1130 583 1196 quasi
593 1130 626 1181 de
635 1130 776 1183 industria
784 1128 874 1183 duob

101 1207 210 1268 rentur,
221 1204 257 1255 ed
268 1204 443 1255 avertendum
451 1203 724 1272 uansferendumque
734 1204 874 1273 perierim,

104 1278 179 1350 quod
191 1279 333 1330 imminere
345 1278 402 1346 ipsi
414 1294 464 1346 per
478 1278 612 1346 quaedam
627 1284 737 1332 ostenta
751 1276 874 1348 potente

102 1359 186 1404 retur.

158 1428 246 1480 XXX.
266 1428 424 1481 Auctoritas
434 1427 607 1497 dignitasque
619 1427 728 1481 formae
741 1445 797 1483 non
806 1424 875 1481 utut

102 1503 146 1554 vel
155 1505 249 1568 stanti,
260 1503 305 1555 vel
313 1503 427 1567 sedenti,
439 1518 472 1554 ac
481 1503 627 1570 praecipue
638 1503 799 1571 quiescenti
819 1500 875 1555 Ns·

103 1586 130 1628 et
139 1578 263 1644 prolixo,
277 1594 327 1630 nec
337 1576 417 1641 exili,
433 1593 548 1646 corpore
559 1583 630 1642 erat,
641 1584 670 1630 et
679 1579 772 1645 specie
781 1574 874 1630 cardtit

103 1669 155 1719 que
165 1651 293 1720 pulchra,
314 1653 413 1720 opimis
424 1652 584 1704 cervicibus.
623 1653 751 1705 Ceterum
765 1659 792 1706 ct
804 1654 874 1719 ingrt-

104 1728 221 1780 dientcm
231 1727 416 1779 destituebant
424 1727 544 1795 poplites
553 1727 643 1778 minus
653 1728 734 1792 firmi,
746 1734 774 1781 ct
782 1726 874 1779 τεὼ

103 1802 170 1868 quid
183 1802 228 1853 rel
241 1802 314 1853 serio
330 1808 453 1870 agentem
467 1801 554 1853 multa
572 1799 802 1855 dehonestabant:
818 1801 874 1853 rim

102 1876 244 1939 indecens3
263 1877 307 1927 ira
320 1878 440 1942 turpior,
460 1883 603 1944 spumante
616 1877 702 1941 rictu,
722 1874 875 1929 hmnmdiu

102 1951 229 2013 naribus,
258 1957 401 2018 praeterea
423 1950 534 2018 linguae
557 1951 721 2017 titubantia,
751 1956 875 2020 caputque

102 2033 161 2075 tum
171 2026 388 2092 semper,tumiu
398 2024 639 2093 quantulocunque
649 2032 715 2078 actu
723 2024 875 2080 reincudit

102 2100 256 2151 tremulum.

158 2174 260 2227 XXXI.
280 2173 445 2226 valetudine
455 2174 527 2226 sicut
537 2174 604 2226 olim
613 2175 706 2242 gravi,
717 2176 760 2227 ita
768 2175 876 2243 princeps

102 2264 284 2319 perprospera
293 2265 360 2300 usus
370 2256 424 2313 est,
439 2255 553 2316 excepto
565 2248 703 2302 stomachi
712 2250 821 2315 dolore,
833 2258 876 2315 qut

103 2342 132 2375 se
143 2332 298 2391 correptum
307 2324 392 2375 etiam
407 2323 440 2376 de
452 2324 648 2377 consciscenda
657 2332 748 2378 morte
758 2325 877 2394 eonem

157 2472 273 2526 XXXII.
294 2473 428 2525 Convivia
448 2474 564 2541 agitavit
582 2480 610 2526 et
623 2475 718 2543 ampla
732 2480 760 2529 et
773 2472 877 2531 sinim

104 2548 410 2615 aeferopatentissimis
420 2548 502 2612 loeis,
521 2554 554 2600 ut
568 2548 731 2617 plerumque
741 2542 879 2603 sexccuoesi

102 2622 185 2674 simul
196 2622 404 2676 discumberent.
445 2623 611 2676 convivatus
626 2631 669 2677 est
683 2633 712 2679 ct
724 2619 877 2695 superenit-
